@article{Abelietal2014EffectsMarginality,
	title        = {Effects of marginality on plant population performance},
	author       = {Abeli, Thomas and Gentili, Rodolfo and Mondoni, Andrea and Orsenigo, Simone and Rossi, Graziano},
	year         = 2014,
	journal      = {Journal of Biogeography},
	volume       = 41,
	number       = 2,
	pages        = {239--249},
	doi          = {10.1111/jbi.12215}
}
@article{AlAallalietal1998EstudioVegetacion,
	title        = {Estudio de la vegetación forestal en la vertiente sur de {{Sierra Nevada}} ({{Alpujarra Alta}} granadina)},
	author       = {Al Aallali, Abdesiam and López-Nieto, J. M. and Pérez-Raya, Francisco and Molero-Mesa, Joaquín},
	year         = 1998,
	journal      = {Itinera Geobotanica},
	volume       = 11,
	pages        = {387--402}
}
@article{Alcarazetal2006IdentificationCurrent,
	title        = {Identification of current ecosystem functional types in the {{Iberian Peninsula}}: {{Iberian}} ecosystem functional types},
	author       = {Alcaraz, Domingo and Paruelo, José and Cabello, Javier},
	journal      = {Global Ecology and Biogeography},
	volume       = 15,
	number       = 2,
	pages        = {200--212},
	doi          = {10.1111/j.1466-822X.2006.00215.x},
	year         = 2006
}
@article{AlcarazSeguraetal2008TrendsSurface,
	title        = {Trends in the surface vegetation dynamics of the national parks of {{Spain}} as observed by satellite sensors},
	author       = {Alcaraz‐Segura, Domingo and Cabello, Javier and Paruelo, José M. and Delibes, Miguel},
	journal      = {Applied Vegetation Science},
	volume       = 11,
	number       = 4,
	pages        = {431--440},
	doi          = {10.3170/2008-7-18522},
	year         = 2008
}
@article{AlcarazSeguraetal2009BaselineCharacterization,
	title        = {Baseline characterization of major {{Iberian}} vegetation types based on the {{NDVI}} dynamics},
	author       = {Alcaraz-Segura, Domingo and Cabello, Javier and Paruelo, José},
	journal      = {Plant Ecology},
	volume       = 202,
	number       = 1,
	pages        = {13--29},
	doi          = {10.1007/s11258-008-9555-2},
	year         = 2009
}
@article{AlcarazSeguraetal2010EvaluatingConsistency,
	title        = {Evaluating the {{Consistency}} of the 1982–1999 {{NDVI Trends}} in the {{Iberian Peninsula}} across {{Four Time}}-series {{Derived}} from the {{AVHRR Sensor}}: {{LTDR}}, {{GIMMS}}, {{FASIR}}, and {{PAL}}-{{II}}},
	author       = {Alcaraz-Segura, Domingo and Liras, Elisa and Tabik, Siham and Paruelo, José and Cabello, Javier},
	year         = 2010,
	journal      = {Sensors},
	volume       = 10,
	number       = 2,
	pages        = {1291--1314},
	doi          = {10.3390/s100201291}
}
@incollection{AlcarazSeguraetal2016ChangesVegetation,
	title        = {Changes in vegetation productivity according to teledetection},
	author       = {Alcaraz-Segura, D. and Reyes, A. and Cabello, J.},
	year         = 2016,
	booktitle    = {Global change impacts in {{Sierra Nevada}}: challenges for conservation},
	publisher    = {{Consejería de Medio Ambiente y Ordenación del Territorio. Junta de Andalucía}},
	pages        = {142--145},
	editor       = {Zamora, R. and Pérez-Luque, A.J. and Bonet, F.J. and Barea-Azcón, J.M. and Aspizua, R.}
}
@article{Allenetal2010GlobalOverview,
	title        = {A global overview of drought and heat-induced tree mortality reveals emerging climate change risks for forests},
	author       = {Allen, Craig D. and Macalady, Alison K. and Chenchouni, Haroun and Bachelet, Dominique and McDowell, Nate and Vennetier, Michel and Kitzberger, Thomas and Rigling, Andreas and Breshears, David D. and Hogg, E. H. Ted and Gonzalez, Patrick and Fensham, Rod and Zhang, Zhen and Castro, Jorge and Demidova, Natalia and Lim, Jong-Hwan and Allard, Gillian and Running, Steven W. and Semerci, Akkin and Cobb, Neil},
	year         = 2010,
	journal      = {Forest Ecology and Management},
	volume       = 259,
	number       = 4,
	pages        = {660--684},
	doi          = {10.1016/j.foreco.2009.09.001}
}
@book{AntoniouVanHarmelen2004SemanticWeb,
	title        = {A semantic {{Web}} primer},
	author       = {Antoniou, G and Van Harmelen, Frank},
	location     = {{Cambridge, Mass.}},
	publisher    = {{MIT Press}},
	url          = {http://www.books24x7.com/marc.asp?isbn=0262012103},
	year         = 2004
}
@article{Arvoretal2013AdvancesGeographic,
	title        = {Advances in {{Geographic Object}}-{{Based Image Analysis}} with ontologies: {{A}} review of main contributions and limitations from a remote sensing perspective},
	author       = {Arvor, Damien and Durieux, Laurent and Andrés, Samuel and Laporte, Marie-Angélique},
	year         = 2013,
	journal      = {ISPRS Journal of Photogrammetry and Remote Sensing},
	volume       = 82,
	pages        = {125--137},
	doi          = {10.1016/j.isprsjprs.2013.05.003}
}
@article{Babstetal2013SiteSpecies,
	title        = {Site- and species-specific responses of forest growth to climate across the {{European}} continent},
	author       = {Babst, Flurin and Poulter, Benjamin and Trouet, Valerie and Tan, Kun and Neuwirth, Burkhard and Wilson, Robert and Carrer, Marco and Grabner, Michael and Tegel, Willy and Levanic, Tom and Panayotov, Momchil and Urbinati, Carlo and Bouriaud, Olivier and Ciais, Philippe and Frank, David},
	year         = 2013,
	journal      = {Global Ecology and Biogeography},
	volume       = 22,
	number       = 6,
	pages        = {706--717},
	doi          = {10.1111/geb.12023}
}
@article{Babstetal2017ImprovedTreering,
	title        = {Improved tree-ring archives will support earth-system science},
	author       = {Babst, Flurin and Poulter, Benjamin and Bodesheim, Paul and Mahecha, Miguel D. and Frank, David C.},
	year         = 2017,
	journal      = {Nature Ecology \& Evolution},
	volume       = 1,
	number       = 2,
	pages        = {0008},
	doi          = {10.1038/s41559-016-0008}
}
@article{Bakkenesetal2002AssessingEffects,
	title        = {Assessing effects of forecasted climate change on the diversity and distribution of {{European}} higher plants for 2050},
	author       = {Bakkenes, M. and Alkemade, J. R. M. and Ihle, F. and Leemans, R. and Latour, J. B.},
	year         = 2002,
	journal      = {Global Change Biology},
	volume       = 8,
	number       = 4,
	pages        = {390--407},
	doi          = {10.1046/j.1354-1013.2001.00467.x}
}
@article{Barazaetal2004HerbivoryHas,
	title        = {Herbivory has a greater impact in shade than in sun: response {{ofQuercus}} pyrenaicaseedlings to multifactorial environmental variation},
	author       = {Baraza, Elena and Gómez, José M and Hódar, José A and Zamora, Regino},
	year         = 2004,
	journal      = {Canadian Journal of Botany},
	volume       = 82,
	number       = 3,
	pages        = {357--364},
	doi          = {10.1139/b04-004}
}
@article{BardRhee2004OntologiesBiology,
	title        = {Ontologies in biology: design, applications and future challenges},
	author       = {Bard, Jonathan B. L. and Rhee, Seung Y.},
	journal      = {Nature Reviews Genetics},
	volume       = 5,
	number       = 3,
	pages        = {213--222},
	doi          = {10.1038/nrg1295},
	year         = 2004
}
@manual{base,
	title        = {R: A Language and Environment for Statistical Computing},
	author       = {{R Core Team}},
	year         = 2020,
	address      = {Vienna, Austria},
	url          = {https://www.R-project.org/},
	organization = {R Foundation for Statistical Computing}
}
@article{BellinghamSparrow2000ResproutingLife,
	title        = {Resprouting as a life history strategy in woody plant communities},
	author       = {Bellingham, Peter J. and Sparrow, Ashley D.},
	year         = 2000,
	journal      = {Oikos},
	volume       = 89,
	number       = 2,
	pages        = {409--416},
	doi          = {10.1034/j.1600-0706.2000.890224.x}
}
@article{Benavidesetal2013DirectIndirect,
	title        = {Direct and indirect effects of climate on demography and early growth of {{Pinus}} sylvestris at the rear edge: changing roles of biotic and abiotic factors},
	author       = {Benavides, Raquel and Rabasa, Sonia G. and Granda, Elena and Escudero, Adrián and Hódar, José A. and Martínez-Vilalta, Jordi and Rincón, Ana M. and Zamora, Regino and Valladares, Fernando},
	year         = 2013,
	journal      = {PLoS ONE},
	volume       = 8,
	number       = 3,
	pages        = {e59824},
	doi          = {10.1371/journal.pone.0059824}
}
@thesis{Benito2009EcoinformaticaAplicada,
	title        = {Ecoinformática aplicada a la conservación: simulación de efectos del cambio global en la distribución de la Flora de Andalucía},
	shorttitle   = {Ecoinformática aplicada a la conservación},
	author       = {Benito, Blas M.},
	location     = {{Departamento de Botánica}},
	url          = {https://digibug.ugr.es/handle/10481/2606},
	date         = 2009,
	institution  = {{Universidad de Granada}}
}
@article{Benitoetal2011SimulatingPotential,
	title        = {Simulating potential effects of climatic warming on altitudinal patterns of key species in {{Mediterranean}}-alpine ecosystems},
	author       = {Benito, Blas and Lorite, Juan and Peñas, Julio},
	year         = 2011,
	journal      = {Climatic Change},
	volume       = 108,
	number       = 3,
	pages        = {471--483},
	doi          = {10.1007/s10584-010-0015-3}
}
@incollection{Benitoetal2014ClimateSimulations,
	title        = {Climate simulations},
	author       = {Benito, Blas M. and Pérez-Pérez, Ramón and Reyes-Muñoz, Pablo S.},
	year         = 2014,
	booktitle    = {Sierra nevada global-change observatory: monitoring methodologies},
	publisher    = {{Consejería de Medio Ambiente, Junta de Andalucía}},
	pages        = {30--31},
	editor       = {Aspizua, R and Barea-Azcón, JM and Bonet, FJ and Pérez-Luque, AJ and Zamora, RJ}
}
@article{Benitoetal2014ForecastingPlant,
	title        = {Forecasting plant range collapse in a mediterranean hotspot: when dispersal uncertainties matter},
	author       = {Benito, Blas M. and Lorite, Juan and Pérez-Pérez, Ramón and Gómez-Aparicio, Lorena and Peñas, Julio},
	year         = 2014,
	journal      = {Diversity and Distributions},
	volume       = 20,
	number       = 1,
	pages        = {72--83},
	doi          = {10.1111/ddi.12148}
}
@article{BenitoGarzonetal2007PredictiveModelling,
	title        = {Predictive modelling of tree species distributions on the {{Iberian Peninsula}} during the {{Last Glacial Maximum}} and {{Mid}}-{{Holocene}}},
	author       = {Benito-Garzón, Marta and de Dios, Rut Sánchez and Ollero, Helios Sáinz},
	year         = 2007,
	journal      = {Ecography},
	volume       = 30,
	number       = 1,
	pages        = {120--134},
	doi          = {10.1111/j.0906-7590.2007.04813.x}
}
@article{BenitoGarzonetal2008EffectsClimate,
	title        = {Effects of climate change on the distribution of {{Iberian}} tree species},
	author       = {Benito-Garzón, Marta and de Dios, Rut Sánchez and Ollero, Helios Sainz},
	year         = 2008,
	journal      = {Applied Vegetation Science},
	volume       = 11,
	number       = 2,
	pages        = {169--178},
	doi          = {10.3170/2008-7-18348}
}
@article{BenitoGarzonetal2011IntraspecificVariability,
	title        = {Intra-specific variability and plasticity influence potential tree species distributions under climate change},
	author       = {Benito-Garzón, Marta and Aĺıa, Ricardo and Robson, T. Matthew and Zavala, Miguel A.},
	year         = 2011,
	journal      = {Global Ecology and Biogeography},
	volume       = 20,
	number       = 5,
	pages        = {766--778},
	doi          = {10.1111/j.1466-8238.2010.00646.x}
}
@article{BenitoGarzonetal2013InterspecificDifferences,
	title        = {Interspecific differences in tree growth and mortality responses to environmental drivers determine potential species distributional limits in {{Iberian}} forests},
	author       = {Benito-Garzón, Marta and Ruiz-Benito, Paloma and Zavala, Miguel A.},
	year         = 2013,
	journal      = {Global Ecology and Biogeography},
	volume       = 22,
	number       = 10,
	pages        = {1141--1151},
	doi          = {10.1111/geb.12075}
}
@article{Bennettetal2015CentralRearedge,
	title        = {Central and rear-edge populations can be equally vulnerable to warming},
	author       = {Bennett, Scott and Wernberg, Thomas and Arackal Joy, Bijo and de Bettignies, Thibaut and Campbell, Alexandra H.},
	year         = 2015,
	journal      = {Nature Communications},
	volume       = 6,
	number       = 1,
	pages        = 10280,
	doi          = {10.1038/ncomms10280}
}
@article{BhagwatWillis2008SpeciesPersistence,
	title        = {Species persistence in northerly glacial refugia of {{Europe}}: a matter of chance or biogeographical traits?},
	author       = {Bhagwat, Shonil A. and Willis, Katherine J.},
	year         = 2008,
	journal      = {Journal of Biogeography},
	volume       = 35,
	number       = 3,
	pages        = {464--482},
	doi          = {10.1111/j.1365-2699.2007.01861.x}
}
@article{Bhuyanetal2017DifferentResponses,
	title        = {Different responses of multispecies tree ring growth to various drought indices across {{Europe}}},
	author       = {Bhuyan, Upasana and Zang, Christian and Menzel, Annette},
	year         = 2017,
	journal      = {Dendrochronologia},
	volume       = 44,
	pages        = {1--8},
	doi          = {10.1016/j.dendro.2017.02.002}
}
@article{BiondiQeadan2008TheorydrivenApproach,
	title        = {A theory-driven approach to tree-ring standardization: defining the biological trend from expected basal area increment},
	author       = {Biondi, Franco and Qeadan, Fares},
	year         = 2008,
	journal      = {Tree-Ring Research},
	volume       = 64,
	number       = 2,
	pages        = {81--96},
	doi          = {10.3959/2008-6.1}
}
@article{BirksWillis2008AlpinesTrees,
	title        = {Alpines, trees, and refugia in {{Europe}}},
	author       = {Birks, H. John B. and Willis, Katherine J.},
	year         = 2008,
	journal      = {Plant Ecology \& Diversity},
	volume       = 1,
	number       = 2,
	pages        = {147--160},
	doi          = {10.1080/17550870802349146}
}
@inproceedings{Bizeretal2004D2RQTreating,
	title        = {{{D2RQ}} - treating non-{{RDF}} databases as virtual {{RDF}} graphs},
	author       = {Bizer, Christian and Seaborne, A and Berlin, FU and Labs, H},
	booktitle    = {In proceedings of the 3rd international semantic web conference ({{ISWC2004}}},
	date         = 2004
}
@article{Blancaetal1998ThreatenedVascular,
	title        = {Threatened vascular flora of {{Sierra Nevada}} ({{Southern Spain}})},
	author       = {Blanca, G. and Cueto, M. and Martínez-Lirola, M.J. and Molero-Mesa, J.},
	year         = 1998,
	journal      = {Biological Conservation},
	volume       = 85,
	number       = 3,
	pages        = {269--285},
	doi          = {10.1016/S0006-3207(97)00169-9}
}
@book{BlancoCastroetal2005BosquesIbericos,
	title        = {Los bosques ibéricos: una interpretación geobotánica},
	author       = {Blanco Castro, E and Costa-Tenorio, Margarita and Morla y Juaristi, Carlos and Sanz-Ollero, Helio},
	year         = 2005,
	location     = {{Barcelona}},
	publisher    = {{Planeta}}
}
@article{BlancoPastoretal2019TopographyExplains,
	title        = {Topography explains the distribution of genetic diversity in one of the most fragile {{European}} hotspots},
	author       = {Blanco-Pastor, José Luis and Fernández-Mazuecos, Mario and Coello, Alberto J. and Pastor, Julia and Vargas, Pablo},
	year         = 2019,
	journal      = {Diversity and Distributions},
	volume       = 25,
	number       = 1,
	pages        = {74--89},
	doi          = {10.1111/ddi.12836}
}
@book{Bonetetal2010SierraNevada,
	title        = {Sierra {{Nevada Global Change Observatory}}. {{Structure}} and {{Basic Data}}},
	author       = {Bonet, F J and Pérez-Luque, Antonio Jesús and Moreno, R and Zamora, R},
	year         = 2010,
	publisher    = {{Consejería de Medio Ambiente, Junta de Andalucía}},
	url          = {http://hdl.handle.net/10481/54686},
	pagetotal    = 44
}
@article{Bonetetal2014DocumentingStoring,
	title        = {Documenting, storing, and executing models in {{Ecology}}: {{A}} conceptual framework and real implementation in a global change monitoring program},
	author       = {Bonet, Francisco J. and Pérez-Pérez, Ramón and Benito, Blas M. and de Albuquerque, Fábio Suzart and Zamora, Regino},
	journal      = {Environmental Modelling \& Software},
	volume       = 52,
	pages        = {192--199},
	doi          = {10.1016/j.envsoft.2013.10.027},
	year         = 2014
}
@incollection{Bonetetal2016HistorySierra,
	title        = {History of {{Sierra Nevada}} forest management: implications for adaptation to global change},
	author       = {Bonet, F.J. and Aspizua, R. and Navarro, J.},
	year         = 2016,
	booktitle    = {Global change impacts in {{Sierra Nevada}}: challenges for conservation},
	publisher    = {{Consejer\'ia de Medio Ambiente y Ordenaci\'on del Territorio. Junta de Andaluc\'ia}},
	pages        = {153--156},
	editor       = {Zamora, R. and {P{\'e}rez-Luque}, A.J. and Bonet, F.J. and {Barea-Azc{\'o}n}, J.M. and Aspizua, R.}
}
@inproceedings{BonetGarciaCayuela2009SeguimientoCubierta,
	title        = {Seguimiento de la cubierta de nieve en {{Sierra Nevada}}: tendencias en la última década y posibles implicaciones ecológicas de las mismas},
	author       = {Bonet García, F.J. and Cayuela, L.},
	booktitle    = {{{IX Congreso Nacional}} de {{La Asociación Española}} de {{Ecología Terrestre}}: {{La Dimensión Ecológica Del Desarrollo Sostenible}}: {{Ecología}}, {{Del Conocimiento}} a {{La Aplicación}}},
	location     = {{Úbeda, Jaen}},
	publisher    = {{Asociación Española de Ecología Terrestre}},
	date         = 2009
}
@incollection{BonetGarciaetal2011SierraNevada,
	title        = {Sierra {{Nevada Observatory}} for monitoring global change: towards the adaptive management of natural resources},
	author       = {Bonet-García, F.J. and Aspizua, R and Zamora, R and Sánchez-Gutiérrez, J and Cano-Manuel, F J and Henares, I},
	booktitle    = {Biosphere {{Reserves}} in the {{Mountains}} of the {{World}}. {{Excellence}} in the {{Clouds}}?},
	publisher    = {{Austrian Academy of Sciences Press}},
	pages        = {48--52},
	editor       = {Austrian MAB Committee},
	date         = 2011
}
@book{BraunBlanquet1964PflanzensoziologieGrundzuge,
	title        = {Pflanzensoziologie: grundzuge der vegetationskunde},
	author       = {Braun-Blanquet, J},
	year         = 1964,
	location     = {{Wien}},
	publisher    = {{Springer-Verlag}},
	pagetotal    = 865
}
@article{Breweretal2002SpreadDeciduous,
	title        = {The spread of deciduous {{Quercus}} throughout {{Europe}} since the last glacial period},
	author       = {Brewer, S. and Cheddadi, R. and de Beaulieu, J. L. and Reille, M.},
	year         = 2002,
	journal      = {Forest Ecology and Management},
	volume       = 156,
	number       = 1,
	pages        = {27--48},
	doi          = {10.1016/S0378-1127(01)00646-6}
}
@online{Brickley2003BasicGeo,
	title        = {Basic {{Geo}} ({{WGS84}} lat/long) vocabulary},
	author       = {Brickley, D},
	url          = {http://www.w3.org/2003/01/geo/},
	date         = 2003
}
@article{Bunn2010StatisticalVisual,
	title        = {Statistical and visual crossdating in {{R}} using the {{dplR}} library},
	author       = {Bunn, Andrew G.},
	year         = 2010,
	journal      = {Dendrochronologia},
	volume       = 28,
	number       = 4,
	pages        = {251--258},
	doi          = {10.1016/j.dendro.2009.12.001}
}
@article{Cabelloetal2012EcosystemFunctioning,
	title        = {The ecosystem functioning dimension in conservation: insights from remote sensing},
	author       = {Cabello, Javier and Fernández, Néstor and Alcaraz-Segura, Domingo and Oyonarte, Cecilio and Piñeiro, Gervasio and Altesor, Alice and Delibes, Miguel and Paruelo, José M.},
	journal      = {Biodiversity and Conservation},
	volume       = 21,
	number       = 13,
	pages        = {3287--3305},
	doi          = {10.1007/s10531-012-0370-7},
	year         = 2012
}
@incollection{CamachoOlmedoetal2002AltaAlpujarra,
	title        = {La {{Alta Alpujarra}} granadina en la segunda mitad del siglo {{XX}} a través de la cartografía evolutiva de su paisaje: dinámica vegetal y repoblación forestal.},
	author       = {Camacho-Olmedo, M.T. and García-Martínez, P. and Jiménez Olivencia, Yolanda and Menor-Toribio, J.A. and Paniza-Cabrera, A},
	booktitle    = {Los espacios rurales entre hoy y mañana: {{Actas}} del {{XI Coloquio}} de {{Geografía Rural}}},
	location     = {{Santander}},
	publisher    = {{Universidad de Cantabria}},
	pages        = {535--546},
	date         = 2002
}
@article{CamachoOlmedoetal2002DinamicaEvolutiva,
	title        = {Din\'amica evolutiva del paisaje vegetal de la {{Alta Alpujarra}} granadina en la segunda mitad del s. {{XX}}},
	author       = {{Camacho-Olmedo}, M. and {Garc{\'i}a-Mart{\'i}nez}, P. and {Jim{\'e}nez-Olivencia}, Y. and {Menor-Toribio}, J. and {Paniza-Cabrera}, A},
	year         = 2002,
	journal      = {Cuadernos Geogr\'aficos},
	volume       = 32,
	number       = 1,
	pages        = {25--42}
}
@article{Camareroetal2013GrowthResponse,
	title        = {Growth response to climate and drought change along an aridity gradient in the southernmost {{Pinus}} nigra relict forests},
	author       = {Camarero, J. Julio and Manzanedo, Rubén D. and Sanchez-Salguero, Raúl and Navarro-Cerrillo, Rafael M.},
	year         = 2013,
	journal      = {Annals of Forest Science},
	volume       = 70,
	number       = 8,
	pages        = {769--780},
	doi          = {10.1007/s13595-013-0321-9}
}
@article{Camareroetal2015NotEarly,
	title        = {To die or not to die: early warnings of tree dieback in response to a severe drought},
	author       = {Camarero, J and Gazol, Antonio and {Sang{\"u}esa-Barreda}, Gabriel and Oliva, Jon{\`a}s and {Vicente-Serrano}, Sergio M.},
	year         = 2015,
	journal      = {Journal of Ecology},
	volume       = 103,
	number       = 1,
	pages        = {44--57},
	doi          = {10.1111/1365-2745.12295}
}
@article{Camareroetal2015TimingDrought,
	title        = {Timing of drought triggers distinct growth responses in {{Holm}} oak: implications to predict warming-induced forest defoliation and growth decline},
	author       = {Camarero, J. and Franquesa, Mag{\'i} and {Sang{\"u}esa-Barreda}, Gabriel},
	year         = 2015,
	journal      = {Forests},
	volume       = 6,
	number       = 12,
	pages        = {1576--1597},
	doi          = {10.3390/f6051576}
}
@manual{candisc,
	title        = {candisc: Visualizing Generalized Canonical Discriminant and Canonical Correlation Analysis},
	author       = {Michael Friendly and John Fox},
	year         = 2020,
	url          = {https://CRAN.R-project.org/package=candisc},
	note         = {R package version 0.8-3}
}
@article{Canellasetal2004GrowthResponse,
	title        = {Growth response to thinning in {{Quercus}} pyrenaica {{Willd}}. coppice stands in {{Spanish}} central mountain},
	author       = {Ca{\~n}ellas, Isabel and {Del-R{\'i}o}, Miren and Roig, Sonia and Montero, Gregorio},
	year         = 2004,
	journal      = {Annals of Forest Science},
	volume       = 61,
	number       = 3,
	pages        = {243--250},
	doi          = {10.1051/forest:2004017}
}
@article{Carniceretal2011WidespreadCrown,
	title        = {Widespread crown condition decline, food web disruption, and amplified tree mortality with increased climate change-type drought},
	author       = {Carnicer, J. and Coll, M. and Ninyerola, M. and Pons, X. and Sanchez, G. and Penuelas, J.},
	year         = 2011,
	journal      = {Proceedings of the National Academy of Sciences},
	volume       = 108,
	number       = 4,
	pages        = {1474--1478},
	doi          = {10.1073/pnas.1010070108}
}
@article{Castroetal2004SeedlingEstablishment,
	title        = {Seedling establishment of a boreal tree species ({{Pinus}} sylvestris) at its southernmost distribution limit: consequences of being in a marginal {{Mediterranean}} habitat},
	author       = {Castro, Jorge and Zamora, Regino and H{\'o}dar, Jos{\'e} A and G{\'o}mez, Jos{\'e} M},
	year         = 2004,
	journal      = {Journal of Ecology},
	pages        = 12
}
@article{CavinJump2017HighestDrought,
	title        = {Highest drought sensitivity and lowest resistance to growth suppression are found in the range core of the tree {{Fagus}} sylvatica {{L}}. not the equatorial range edge},
	author       = {Cavin, Liam and Jump, Alistair S.},
	year         = 2017,
	journal      = {Global Change Biology},
	volume       = 23,
	number       = 1,
	pages        = {362--379},
	doi          = {10.1111/gcb.13366}
}
@book{CBDSecretariatdelaConventiononBiologicalDiversity2003HandbookConvention,
	title        = {Handbook of the {{Convention}} on {{Biological Diversity}}.},
	author       = {{CBD (Secretariat de la Convention on Biological Diversity)}},
	location     = {{Montréal}},
	publisher    = {{Secretariat of the Convention on Biological Diversity}},
	date         = 2003
}
@article{Chenetal2015InfluenceClimate,
	title        = {Influence of climate drivers and the {{North Atlantic Oscillation}} on beech growth at marginal sites across the {{Mediterranean}}},
	author       = {Chen, K and Dorado-Liñán, I and Akhmetzyanov, L and Gea-Izquierdo, G and Zlatanov, T and Menzel, A},
	year         = 2015,
	journal      = {Climate Research},
	volume       = 66,
	number       = 3,
	pages        = {229--242},
	doi          = {10.3354/cr01345}
}
@article{Clelandetal2007ShiftingPlant,
	title        = {Shifting plant phenology in response to global change},
	author       = {Cleland, E and Chuine, I and Menzel, A and Mooney, H and Schwartz, M},
	journal      = {Trends in Ecology \& Evolution},
	volume       = 22,
	number       = 7,
	pages        = {357--365},
	doi          = {10.1016/j.tree.2007.04.003},
	year         = 2007
}
@misc{CMAOT2014CartografiaEvaluacion,
	title        = {Cartografía y evaluación de la vegetación y flora de los ecosistemas forestales de {{Andalucía}} a escala de detalle (1:10000)},
	author       = {CMAOT},
	year         = 2014,
	location     = {{Sevilla, Spain}},
	institution  = {{Consejería de Medio Ambiente y Ordenación del Territorio. Junta de Andalucía}}
}
@article{Corcueraetal2006RadialgrowthWoodanatomical,
	title        = {Radial-growth and wood-anatomical changes in overaged {{Quercus}} pyrenaica coppice stands: functional responses in a new {{Mediterranean}} landscape},
	author       = {Corcuera, Leyre and Camarero, J. Julio and Sis{\'o}, Sergio and {Gil-Pelegr{\'i}n}, Eustaquio},
	year         = 2006,
	journal      = {Trees},
	volume       = 20,
	number       = 1,
	pages        = {91--98},
	doi          = {10.1007/s00468-005-0016-4}
}
@article{Coulthardetal2017TreeGrowth,
	title        = {Tree growth and vegetation activity at the ecosystem-scale in the eastern {{Mediterranean}}},
	author       = {Coulthard, Bethany L. and Touchan, Ramzi and Anchukaitis, Kevin J. and Meko, David M. and Sivrikaya, Fatih},
	year         = 2017,
	journal      = {Environmental Research Letters},
	volume       = 12,
	number       = 8,
	pages        = {084008}
}
@article{DeFrenneetal2013MicroclimateModerates,
	title        = {Microclimate moderates plant responses to macroclimate warming},
	author       = {De Frenne, P. and Rodriguez-Sanchez, F. and Coomes, D. A. and Baeten, L. and Verstraeten, G. and Vellend, M. and Bernhardt-Romermann, M. and Brown, C. D. and Brunet, J. and Cornelis, J. and Decocq, G. M. and Dierschke, H. and Eriksson, O. and Gilliam, F. S. and Hedl, R. and Heinken, T. and Hermy, M. and Hommel, P. and Jenkins, M. A. and Kelly, D. L. and Kirby, K. J. and Mitchell, F. J. G. and Naaf, T. and Newman, M. and Peterken, G. and Petrik, P. and Schultz, J. and Sonnier, G. and Van Calster, H. and Waller, D. M. and Walther, G.-R. and White, P. S. and Woods, K. D. and Wulf, M. and Graae, B. J. and Verheyen, K.},
	year         = 2013,
	journal      = {Proceedings of the National Academy of Sciences},
	volume       = 110,
	number       = 46,
	pages        = {18561--18565},
	doi          = {10.1073/pnas.1311190110}
}
@article{delRioetal2003IndicesStand,
	title        = {Indices of stand structural diversity},
	author       = {del Río, M. and Montes, F. and Cañellas, I. and Montero, G.},
	year         = 2003,
	journal      = {Forest Systems},
	volume       = 12,
	number       = 1,
	pages        = {159--176},
	doi          = {10.5424/795}
}
@article{delRioetal2007BioclimaticAnalysis,
	title        = {Bioclimatic analysis of the {{Quercus}} pyrenaica forests in {{Spain}}},
	author       = {{\noopsort{r{\'i}o}}{del R{\'i}o}, Sara and Herrero, Luis and Penas, {\'A}ngel},
	year         = 2007,
	journal      = {Phytocoenologia},
	volume       = 37,
	number       = {3-4},
	pages        = {541--560},
	doi          = {10.1127/0340-269X/2007/0037-0541}
}
@article{delRioetal2016CharacterizationStructure,
	title        = {Characterization of the structure, dynamics, and productivity of mixed-species stands: review and perspectives},
	shorttitle   = {Characterization of the structure, dynamics, and productivity of mixed-species stands},
	author       = {del Río, Miren and Pretzsch, Hans and Alberdi, Iciar and Bielak, Kamil and Bravo, Felipe and Brunner, Andreas and Condés, Sonia and Ducey, Mark J. and Fonseca, Teresa and von Lüpke, Nikolas and Pach, Maciej and Peric, Sanja and Perot, Thomas and Souidi, Zahera and Spathelf, Peter and Sterba, Hubert and Tijardovic, Martina and Tomé, Margarida and Vallet, Patrick and Bravo-Oviedo, Andrés},
	year         = 2016,
	journal      = {European Journal of Forest Research},
	volume       = 135,
	number       = 1,
	pages        = {23--49},
	doi          = {10.1007/s10342-015-0927-6}
}
@article{DiFilippoetal2010ClimateChange,
	title        = {Climate change and oak growth decline: {{Dendroecology}} and stand productivity of a {{Turkey}} oak ({{Quercus}} cerris {{L}}.) old stored coppice in {{Central Italy}}},
	author       = {Di Filippo, Alfredo and Alessandrini, Alfredo and Biondi, Franco and Blasi, Silvia and Portoghesi, Luigi and Piovesan, Gianluca},
	year         = 2010,
	journal      = {Annals of Forest Science},
	volume       = 67,
	number       = 7,
	pages        = {706--706},
	doi          = {10.1051/forest/2010031}
}
@incollection{Dionisioetal2012SatelliteBasedMonitoring,
	title        = {Satellite-{{Based Monitoring}} of {{Ecosystem Functioning}} in {{Protected Areas}}: {{Recent Trends}} in the {{Oak Forests}} ({{Quercus}} pyrenaica {{Willd}}.) of {{Sierra Nevada}} ({{Spain}})},
	author       = {Dionisio, Miguel A. and Alcaraz-Segura, Domingo and Cabello, Javier},
	year         = 2012,
	booktitle    = {International {{Perspectives}} on {{Global Environmental Change}}},
	pages        = {355--374},
	doi          = {10.5772/27711}
}
@article{Dobbertin2005TreeGrowth,
	title        = {Tree growth as indicator of tree vitality and of tree reaction to environmental stress: a review},
	author       = {Dobbertin, Matthias},
	year         = 2005,
	journal      = {European Journal of Forest Research},
	volume       = 124,
	number       = 4,
	pages        = {319--333},
	doi          = {10.1007/s10342-005-0085-3}
}
@article{DoblasMirandaetal2017ReviewCombination,
	title        = {A review of the combination among global change factors in forests, shrublands and pastures of the {{Mediterranean Region}}: {{Beyond}} drought effects},
	author       = {{Doblas-Miranda}, E. and Alonso, R. and Arnan, X. and Bermejo, V. and Brotons, L. and {\noopsort{heras}}de las Heras, J. and Estiarte, M. and H{\'o}dar, J. A. and Llorens, P. and Lloret, F. and {L{\'o}pez-Serrano}, F. R. and {Mart{\'i}nez-Vilalta}, J. and Moya, D. and Penuelas, J. and Pino, J. and Rodrigo, A. and {Roura-Pascual}, N. and Valladares, F. and Vil{\`a}, M. and Zamora, R. and Retana, J.},
	year         = 2017,
	journal      = {Global and Planetary Change},
	volume       = 148,
	pages        = {42--54},
	doi          = {10.1016/j.gloplacha.2016.11.012}
}
@article{DoradoLinanetal2017ClimateThreats,
	title        = {Climate threats on growth of rear-edge {{European}} beech peripheral populations in {{Spain}}},
	author       = {{Dorado-Li{\~n}{\'a}n}, I. and Akhmetzyanov, L. and Menzel, A.},
	year         = 2017,
	journal      = {International Journal of Biometeorology},
	volume       = 61,
	number       = 12,
	pages        = {2097--2110},
	doi          = {10.1007/s00484-017-1410-5}
}
@article{DoradoLinanetal2017CoexistenceMediterraneanTemperate,
	title        = {Coexistence in the {{Mediterranean}}-{{Temperate}} transitional border: {{Multi}}-century dynamics of a mixed old-growth forest under global change},
	author       = {{Dorado-Li{\~n}{\'a}n}, Isabel and Ca{\~n}ellas, Isabel and {Valbuena-Caraba{\~n}a}, Maria and Gil, Luis and {Gea-Izquierdo}, Guillermo},
	year         = 2017,
	journal      = {Dendrochronologia},
	volume       = 44,
	pages        = {48--57},
	doi          = {10.1016/j.dendro.2017.03.007}
}
@article{DoradoLinanetal2017LargescaleAtmospheric,
	title        = {Large-scale atmospheric circulation enhances the {{Mediterranean East}}-{{West}} tree growth contrast at rear-edge deciduous forests},
	author       = {{Dorado-Li{\~n}{\'a}n}, Isabel and Zorita, Eduardo and {Mart{\'i}nez-Sancho}, Elisabet and {Gea-Izquierdo}, Guillermo and Filippo, Alfredo Di and Guti{\'e}rrez, Emilia and Levanic, Tom and Piovesan, Gianluca and Vacchiano, Giorgio and Zang, Christian and Zlatanov, Tzvetan and Menzel, Annette},
	year         = 2017,
	journal      = {Agricultural and Forest Meteorology},
	volume       = 239,
	pages        = {86--95},
	doi          = {10.1016/j.agrformet.2017.02.029}
}
@article{DoradoLinanetal2019GeographicalAdaptation,
	title        = {Geographical adaptation prevails over species-specific determinism in trees' vulnerability to climate change at {{Mediterranean}} rear-edge forests},
	author       = {Dorado-Li{\~n}{\'a}n, Isabel and Piovesan, Gianluca and Mart{\'i}nez-Sancho, Elisabet and Gea-Izquierdo, Guillermo and Zang, Christian and Ca{\~n}ellas, Isabel and Castagneri, Daniele and Di Filippo, Alfredo and Guti{\'e}rrez, Emilia and Ewald, Joerg and Fern{\'a}ndez-de-U{\~n}a, Laura and Hornstein, Daniel and Jantsch, Matthias C. and Levani{\v c}, Tom and Mellert, Karl H. and Vacchiano, Giorgio and Zlatanov, Tzvetan and Menzel, Annette},
	year         = 2019,
	journal      = {Global Change Biology},
	volume       = 25,
	number       = 4,
	pages        = {1296--1314},
	doi          = {10.1111/gcb.14544}
}
@manual{dplyr,
	title        = {dplyr: A Grammar of Data Manipulation},
	author       = {Hadley Wickham and Romain François and Lionel { Henry} and Kirill Müller},
	year         = 2020,
	url          = {https://CRAN.R-project.org/package=dplyr},
	note         = {R package version 1.0.2}
}
@article{DziubanShirkey1974WhenCorrelation,
	title        = {When is a correlation matrix appropriate for factor analysis? {{Some}} decision rules},
	shorttitle   = {When is a correlation matrix appropriate for factor analysis?},
	author       = {Dziuban, Charles D. and Shirkey, Edwin C.},
	year         = 1974,
	journal      = {Psychological Bulletin},
	volume       = 81,
	number       = 6,
	pages        = {358--361},
	doi          = {10.1037/h0036316}
}
@online{EIONET2013OnlineReport,
	title        = {Online report on {{Article}} 17 of the {{Habitats Directive}}: conservation status of habitats and species of {{Community}} interest (2001-2006)},
	author       = {EIONET},
	url          = {http://bd.eionet.europa.eu/article17/index_html/habitatsummary},
	date         = 2013
}
@manual{ellipse,
	title        = {ellipse: Functions for Drawing Ellipses and Ellipse-Like Confidence Regions},
	author       = {Duncan Murdoch and E. D. Chow},
	year         = 2020,
	url          = {https://CRAN.R-project.org/package=ellipse},
	note         = {R package version 0.4.2}
}
@article{ElsenTingley2015GlobalMountain,
	title        = {Global mountain topography and the fate of montane species under climate change},
	author       = {Elsen, Paul R. and Tingley, Morgan W.},
	year         = 2015,
	journal      = {Nature Climate Change},
	volume       = 5,
	number       = 8,
	pages        = {772--776},
	doi          = {10.1038/nclimate2656},
	url          = {http://www.nature.com/articles/nclimate2656}
}
@article{ESILVA2012263,
	title        = {Does natural regeneration determine the limit of {{European}} beech distribution under climatic stress?},
	author       = {Silva, D. E and Mazzella, P. Rezende and Legay, M. and Corcket, E. and Dupouey, J.L.},
	year         = 2012,
	journal      = {Forest Ecology and Management},
	volume       = 266,
	pages        = {263--272},
	doi          = {10.1016/j.foreco.2011.11.031},
	url          = {http://www.sciencedirect.com/science/article/pii/S037811271100716X}
}
@article{Evans2012BuildingEuropean,
	title        = {Building the {{European Union}}’s {{Natura}} 2000 network},
	author       = {Evans, Douglas},
	journal      = {Nature Conservation},
	volume       = 1,
	pages        = {11--26},
	doi          = {10.3897/natureconservation.1.1808},
	url          = {http://natureconservation.pensoft.net/articles.php?id=1329},
	date         = {2012-03-14}
}
@manual{factoextra,
	title        = {factoextra: Extract and Visualize the Results of Multivariate Data Analyses},
	author       = {Alboukadel Kassambara and Fabian Mundt},
	year         = 2020,
	url          = {https://CRAN.R-project.org/package=factoextra},
	note         = {R package version 1.0.7}
}
@article{Fadyetal2016EvolutionbasedApproach,
	title        = {Evolution-based approach needed for the conservation and silviculture of peripheral forest tree populations},
	author       = {Fady, Bruno and Aravanopoulos, Filippos A. and Alizoti, Paraskevi and Mátyás, Csaba and von Wühlisch, Georg and Westergren, Marjana and Belletti, Piero and Cvjetkovic, Branislav and Ducci, Fulvio and Huber, Gerhard and Kelleher, Colin T. and Khaldi, Abdelhamid and Kharrat, Magda Bou Dagher and Kraigher, Hojka and Kramer, Koen and Mühlethaler, Urs and Peric, Sanja and Perry, Annika and Rousi, Matti and Sbay, Hassan and Stojnic, Srdjan and Tijardovic, Martina and Tsvetkov, Ivaylo and Varela, Maria Carolina and Vendramin, Giovanni G. and Zlatanov, Tzvetan},
	year         = 2016,
	journal      = {Forest Ecology and Management},
	volume       = 375,
	pages        = {66--75},
	doi          = {10.1016/j.foreco.2016.05.015},
	url          = {http://www.sciencedirect.com/science/article/pii/S0378112716302559}
}
@article{Fallahietal2008OntologicalStructure,
	title        = {An ontological structure for semantic interoperability of {{GIS}} and environmental modeling},
	author       = {Fallahi, Gholam Reza and Frank, Andrew U. and Mesgari, Mohammad Saadi and Rajabifard, Abbas},
	journal      = {International Journal of Applied Earth Observation and Geoinformation},
	volume       = 10,
	number       = 3,
	pages        = {342--357},
	doi          = {10.1016/j.jag.2008.01.001},
	url          = {https://linkinghub.elsevier.com/retrieve/pii/S0303243408000135},
	date         = {2008-09}
}
@article{Fatichietal2014MovingPhotosynthesis,
	title        = {Moving beyond photosynthesis: from carbon source to sink-driven vegetation modeling},
	author       = {Fatichi, Simone and Leuzinger, Sebastian and K{\"o}rner, Christian},
	year         = 2014,
	journal      = {New Phytologist},
	volume       = 201,
	number       = 4,
	pages        = {1086--1095},
	doi          = {10.1111/nph.12614}
}
@book{Felicisimo2011ImpactosVulnerabilidad,
	title        = {Impactos, vulnerabilidad y adaptación al cambio climático de la biodiversidad española. 2. {{Flora}} y vegetación},
	year         = 2011,
	location     = {{Madrid}},
	publisher    = {{Oficina Española de Cambio Climático, Ministerio de Medio Ambiente y Medio Rural y Marino}},
	editor       = {Felicísimo, A.M.},
	pagetotal    = 552
}
@article{Felicisimoetal2012VulnerabilidadFlora,
	title        = {Vulnerabilidad de la flora y vegetación españolas ante el cambio climático},
	author       = {Felićısimo, Ángel M. and Muñoz, Jesús and Mateo, Rubén G. and Villalba, Carlos Javier},
	year         = 2012,
	journal      = {Ecosistemas},
	volume       = 21,
	number       = 3,
	pages        = {1--6},
	doi          = {10.7818/ecos.2012.21-3.01}
}
@manual{flextable,
	title        = {flextable: Functions for Tabular Reporting},
	author       = {David Gohel},
	year         = 2020,
	url          = {https://CRAN.R-project.org/package=flextable},
	note         = {R package version 0.5.10}
}
@article{FonsecaLlano2011AutomaticRepresentation,
	title        = {Automatic {{Representation}} of {{Geographical Data}} from a {{Semantic Point}} of {{View}} through a {{New Ontology}} and {{Classification Techniques}}: {{Data}}-{{Representation Ontology}} for {{Semantic Representation}} of {{Geo}}-{{Data}}},
	shorttitle   = {Automatic {{Representation}} of {{Geographical Data}} from a {{Semantic Point}} of {{View}} through a {{New Ontology}} and {{Classification Techniques}}},
	author       = {Fonseca, Rainer Larin and Llano, Eduardo Garea},
	journal      = {Transactions in GIS},
	volume       = 15,
	number       = 1,
	pages        = {61--85},
	doi          = {10.1111/j.1467-9671.2010.01242.x},
	url          = {http://doi.wiley.com/10.1111/j.1467-9671.2010.01242.x},
	date         = {2011-02}
}
@article{Forsteretal2008ApproachesUtilising,
	title        = {Approaches to utilising {{QuickBird}} data for the monitoring of {{NATURA}} 2000 habitats},
	author       = {Förster, M. and Frick, A. and Walentowski, H. and Kleinschmit, B.},
	journal      = {Community Ecology},
	volume       = 9,
	number       = 2,
	pages        = {155--168},
	doi          = {10.1556/ComEc.9.2008.2.4},
	url          = {http://www.akademiai.com/doi/abs/10.1556/ComEc.9.2008.2.4},
	date         = {2008-12}
}
@article{Fosteretal2003ImportanceLanduse,
	title        = {The importance of land-use legacies to ecology and conservation},
	author       = {Foster, David and Swanson, Frederick and Aber, John and Burke, Ingrid and Brokaw, Nicholas and Tilman, David and Knapp, Alan},
	year         = 2003,
	journal      = {BioScience},
	volume       = 53,
	number       = 1,
	pages        = {77--88},
	doi          = {10.1641/0006-3568(2003)053[0077:TIOLUL]2.0.CO;2}
}
@incollection{Franco1990Quercus,
	title        = {Quercus {{L}}.},
	author       = {Franco, A.},
	year         = 1990,
	booktitle    = {Flora {{Ib\'erica}}},
	publisher    = {{Real Jard\'in Bot\'anico, CSIC}},
	address      = {{Madrid}},
	volume       = 2,
	pages        = {15--36},
	editor       = {Castroviejo, A. and La{\'i}nz, M. and {L{\'o}pez-Gonz{\'a}lez}, G. and Montserrat, P. and {Mu{\~n}oz-Garmendia}, F. and Paiva, J. and Villar, L.},
	ids          = {Franco1990}
}
@article{Franklinetal2013ModelingPlant,
	title        = {Modeling plant species distributions under future climates: how fine scale do climate projections need to be?},
	shorttitle   = {Modeling plant species distributions under future climates},
	author       = {Franklin, Janet and Davis, Frank W. and Ikegami, Makihiko and Syphard, Alexandra D. and Flint, Lorraine E. and Flint, Alan L. and Hannah, Lee},
	year         = 2013,
	journal      = {Global Change Biology},
	volume       = 19,
	number       = 2,
	pages        = {473--483},
	doi          = {10.1111/gcb.12051},
	url          = {http://doi.wiley.com/10.1111/gcb.12051}
}
@book{Fritts1976TreeRings,
	title        = {Tree rings and climate},
	author       = {Fritts, Harold C.},
	year         = 1976,
	publisher    = {{Academic Press}},
	address      = {{London}}
}
@article{GarciaGonzalezSoutoHerrero2017EarlywoodVessel,
	title        = {Earlywood vessel area of {{Quercus}} pyrenaica {{Willd}}. is a powerful indicator of soil water excess at growth resumption},
	author       = {{Garc{\'i}a-Gonz{\'a}lez}, Ignacio and {Souto-Herrero}, Manuel},
	year         = 2017,
	journal      = {European Journal of Forest Research},
	volume       = 136,
	number       = 2,
	pages        = {329--344},
	doi          = {10.1007/s10342-017-1035-6}
}
@incollection{GarciaJimenez20099230Robledales,
	title        = {9230 {{Robledales}} de {{Quercus}} pyrenaica y robledales de {{Quercus}} robur y {{Quercus}} pyrenaica del noroeste ibérico},
	author       = {García, Ignacio and Jiménez, Pedro},
	year         = 2009,
	booktitle    = {Bases {{Ecológicas}} preliminares para la conservación de los tipos de {{Hábitat}} de {{Interés Comunitario}} en {{España}}},
	location     = {{Madrid}},
	publisher    = {{Ministerio de Medio Ambiente, y Medio Rural y Marino}},
	pages        = {1--66},
	editor       = {{VV.AA.}},
	keywords     = {GENERALES}
}
@article{GarciaRuizetal2011MediterraneanWater,
	title        = {Mediterranean water resources in a global change scenario},
	author       = {García-Ruiz, José M. and López-Moreno, J. Ignacio and Vicente-Serrano, Sergio M. and Lasanta–Martínez, Teodoro and Beguería, Santiago},
	year         = 2011,
	journal      = {Earth-Science Reviews},
	volume       = 105,
	number       = {3-4},
	pages        = {121--139},
	doi          = {10.1016/j.earscirev.2011.01.006},
	url          = {https://linkinghub.elsevier.com/retrieve/pii/S0012825211000134}
}
@article{GarciaValdesetal2013ChasingMoving,
	title        = {Chasing a moving target: projecting climate change-induced shifts in non-equilibrial tree species distributions},
	author       = {García-Valdés, Raúl and Zavala, Miguel A. and Araújo, Miguel B. and Purves, Drew W.},
	year         = 2013,
	journal      = {Journal of Ecology},
	volume       = 101,
	number       = 2,
	pages        = {441--453},
	doi          = {10.1111/1365-2745.12049},
	url          = {https://doi.org/10.1111/1365-2745.12049},
	editor       = {Gibson, David}
}
@article{Gaston2009GeographicRange,
	title        = {Geographic range limits: achieving synthesis},
	author       = {Gaston, Kevin J},
	year         = 2009,
	month        = apr,
	journal      = {Proceedings of the Royal Society B: Biological Sciences},
	volume       = 276,
	number       = 1661,
	pages        = {1395--1406},
	doi          = {10.1098/rspb.2008.1480}
}
@inproceedings{Gavilanetal2000EffectsDisturbance,
	title        = {Effects of disturbance on floristic patterns of {{Quercus}} pyrenaica forests in {{Central Spain}}},
	author       = {Gavilán, Rosario G. and Escudero, A. and Rubio, A.},
	year         = 2000,
	booktitle    = {Proceedings {{IAVS Symposium}}},
	location     = {{Uppsala}},
	publisher    = {{International Association for Vegetation Science}},
	pages        = {226--229}
}
@article{Gavilanetal2007ModellingCurrent,
	title        = {Modelling current distribution of {{Spanish}} {{{\emph{Q}}}}uercus pyrenaica forests using climatic parameters},
author       = {Gavilán, Rosario G. and Mata, Daniel Sánchez and Vilches, Beatriz and Entrocassi, Gabriela},
year         = 2007,
journal      = {Phytocoenologia},
volume       = 37,
number       = {3-4},
pages        = {561--581},
doi          = {doi:10.1127/0340-269X/2007/0037-0561}
}
@article{Gavinetal2014ClimateRefugia,
	title        = {Climate refugia: joint inference from fossil records, species distribution models and phylogeography},
	shorttitle   = {Climate refugia},
	author       = {Gavin, Daniel G. and Fitzpatrick, Matthew C. and Gugger, Paul F. and Heath, Katy D. and Rodríguez-Sánchez, Francisco and Dobrowski, Solomon Z. and Hampe, Arndt and Hu, Feng Sheng and Ashcroft, Michael B. and Bartlein, Patrick J. and Blois, Jessica L. and Carstens, Bryan C. and Davis, Edward B. and de Lafontaine, Guillaume and Edwards, Mary E. and Fernandez, Matias and Henne, Paul D. and Herring, Erin M. and Holden, Zachary A. and Kong, Woo-seok and Liu, Jianquan and Magri, Donatella and Matzke, Nicholas J. and McGlone, Matt S. and Saltré, Frédérik and Stigall, Alycia L. and Tsai, Yi-Hsin Erica and Williams, John W.},
	year         = 2014,
	journal      = {New Phytologist},
	volume       = 204,
	number       = 1,
	pages        = {37--54},
	doi          = {10.1111/nph.12929},
	url          = {http://doi.wiley.com/10.1111/nph.12929}
}
@article{Gazoletal2018ForestResilience,
	title        = {Forest resilience to drought varies across biomes},
	author       = {Gazol, Antonio and Camarero, Jesus Julio and {Vicente-Serrano}, Sergio M. and {S{\'a}nchez-Salguero}, Ra{\'u}l and Guti{\'e}rrez, Emilia and {\noopsort{luis}}{de Luis}, Martin and {Sang{\"u}esa-Barreda}, Gabriel and Novak, Klemen and Rozas, Vicente and T{\'i}scar, Pedro A. and Linares, Juan C. and {Mart{\'i}n-Hern{\'a}ndez}, Natalia and {Mart{\'i}nez del Castillo}, Edurne and Ribas, Montse and {Garc{\'i}a-Gonz{\'a}lez}, Ignacio and Silla, Fernando and Camis{\'o}n, Alvaro and G{\'e}nova, Mar and Olano, Jos{\'e} M. and Longares, Luis A. and Hevia, Andrea and {Tom{\'a}s-Burguera}, Miquel and Galv{\'a}n, J. Diego},
	year         = 2018,
	journal      = {Global Change Biology},
	volume       = 24,
	number       = 5,
	pages        = {2143--2158},
	doi          = {10.1111/gcb.14082}
}
@article{GeaIzquierdoCanellas2009AnalysisHolm,
	title        = {Analysis of holm oak intraspecific competition using gamma regression},
	author       = {{Gea-Izquierdo}, Guillermo and Ca{\~n}ellas, Isabel},
	year         = 2009,
	journal      = {Forest science},
	volume       = 55,
	number       = 4,
	pages        = {310--322}
}
@article{GeaIzquierdoCanellas2014LocalClimate,
	title        = {Local climate forces instability in long-term productivity of a {{Mediterranean}} oak along climatic gradients},
	author       = {{Gea-Izquierdo}, Guillermo and Ca{\~n}ellas, Isabel},
	year         = 2014,
	journal      = {Ecosystems},
	volume       = 17,
	number       = 2,
	pages        = {228--241},
	doi          = {10.1007/s10021-013-9719-3},
	ids          = {GeaIzquierdoCanellas2014LocalClimatea}
}
@article{GeaIzquierdoetal2011TreeringsReflect,
	title        = {Tree-rings reflect the impact of climate change on {{Quercus}} ilex {{L}}. along a temperature gradient in {{Spain}} over the last 100years},
	author       = {{Gea-Izquierdo}, G. and Cherubini, P. and Ca{\~n}ellas, I.},
	year         = 2011,
	journal      = {Forest Ecology and Management},
	volume       = 262,
	number       = 9,
	pages        = {1807--1816},
	doi          = {10.1016/j.foreco.2011.07.025}
}
@article{GeaIzquierdoetal2013GrowthProjections,
	title        = {Growth projections reveal local vulnerability of {{Mediterranean}} oaks with rising temperatures},
	author       = {{Gea-Izquierdo}, Guillermo and {Fern{\'a}ndez-de-U{\~n}a}, Laura and Ca{\~n}ellas, Isabel},
	year         = 2013,
	journal      = {Forest Ecology and Management},
	volume       = 305,
	pages        = {282--293},
	doi          = {10.1016/j.foreco.2013.05.058}
}
@article{GeaIzquierdoetal2015ThisEnd,
	title        = {Is this the end? {{Dynamics}} of a relict stand from pervasively deforested ancient {{Iberian}} pine forests},
	author       = {{Gea-Izquierdo}, G. and Montes, F. and Gavil{\'a}n, R. G. and Ca{\~n}ellas, I. and Rubio, A.},
	year         = 2015,
	journal      = {European Journal of Forest Research},
	volume       = 134,
	number       = 3,
	pages        = {525--536},
	doi          = {10.1007/s10342-015-0869-z}
}
@article{GeaIzquierdoetal2017RiskyFuture,
	title        = {Risky future for {{Mediterranean}} forests unless they undergo extreme carbon fertilization},
	author       = {{Gea-Izquierdo}, Guillermo and Nicault, Antoine and Battipaglia, Giovanna and {Dorado-Li{\~n}{\'a}n}, Isabel and Guti{\'e}rrez, Emilia and Ribas, Montserrat and Guiot, Joel},
	year         = 2017,
	journal      = {Global Change Biology},
	volume       = 23,
	number       = 7,
	pages        = {2915--2927},
	doi          = {10.1111/gcb.13597}
}
@manual{ggord,
	title        = {ggord: Ordination Plots with ggplot2},
	author       = {Marcus W. Beck},
	year         = 2020,
	note         = {R package version 1.1.5}
}
@manual{ggpubr,
	title        = {ggpubr: 'ggplot2' Based Publication Ready Plots},
	author       = {Alboukadel Kassambara},
	year         = 2020,
	url          = {https://CRAN.R-project.org/package=ggpubr},
	note         = {R package version 0.4.0}
}
@manual{ggsignif,
	title        = {ggsignif: Significance Brackets for 'ggplot2'},
	author       = {Constantin Ahlmann-Eltze},
	year         = 2019,
	url          = {https://CRAN.R-project.org/package=ggsignif},
	note         = {R package version 0.6.0}
}
@article{GiorgiLionello2008ClimateChange,
	title        = {Climate change projections for the {{Mediterranean}} region},
	author       = {Giorgi, Filippo and Lionello, Piero},
	journal      = {Global and Planetary Change},
	volume       = 63,
	number       = {2-3},
	pages        = {90--104},
	doi          = {10.1016/j.gloplacha.2007.09.005},
	url          = {https://linkinghub.elsevier.com/retrieve/pii/S0921818107001750},
	date         = {2008-09}
}
@article{Gomez2003ImpactVertebrate,
	title        = {Impact of vertebrate acorn- and seedling-predators on a {{Mediterranean Quercus}} pyrenaica forest},
	author       = {Gómez, J},
	year         = 2003,
	journal      = {Forest Ecology and Management},
	volume       = 180,
	number       = {1-3},
	pages        = {125--134},
	doi          = {10.1016/S0378-1127(02)00608-4},
	url          = {https://linkinghub.elsevier.com/retrieve/pii/S0378112702006084}
}
@article{Gomez2003SpatialPatterns,
	title        = {Spatial patterns in long-distance dispersal of {{Quercus}} ilex acorns by jays in a heterogeneous landscape},
	author       = {Gómez, José María},
	journal      = {Ecography},
	volume       = 26,
	number       = 5,
	pages        = {573--584},
	doi          = {10.1034/j.1600-0587.2003.03586.x},
	date         = 2003
}
@article{GomezAparicioetal2008OakSeedling,
	title        = {Oak seedling survival and growth along resource gradients in {{Mediterranean}} forests: implications for regeneration in current and future environmental scenarios},
	shorttitle   = {Oak seedling survival and growth along resource gradients in {{Mediterranean}} forests},
	author       = {Gómez-Aparicio, L. and Pérez-Ramos, I. M. and Mendoza, I. and Matías, L. and Quero, J. L. and Castro, J. and Zamora, R. and Marañón, T.},
	year         = 2008,
	journal      = {Oikos},
	volume       = 117,
	number       = 11,
	pages        = {1683--1699},
	doi          = {10.1111/j.1600-0706.2008.16814.x},
	url          = {http://doi.wiley.com/10.1111/j.1600-0706.2008.16814.x}
}
@inproceedings{Gomezetal2001ProblemasRegeneracion,
	title        = {Problemas de regeneración de especies forestales autóctonas en el espacio natural protegido de {{Sierra Nevada}}},
	author       = {Gómez, J.M. and Gómez-Aparicio, Lorena and Zamora, R and Montes, J},
	year         = 2001,
	location     = {{Granada}},
	publisher    = {{Sociedad Española de Ciencias Forestales}},
	eventtitle   = {{{III Congreso Forestal Español}}}
}
@incollection{GomezLunt2007RefugiaRefugia,
	title        = {Refugia within {{Refugia}}: {{Patterns}} of {{Phylogeographic Concordance}} in the {{Iberian Peninsula}}},
	shorttitle   = {Refugia within {{Refugia}}},
	author       = {Gómez, Africa and Lunt, David H.},
	year         = 2007,
	booktitle    = {Phylogeography of {{Southern European Refugia}}},
	location     = {{Dordrecht}},
	publisher    = {{Springer Netherlands}},
	pages        = {155--188},
	doi          = {10.1007/1-4020-4904-8_5},
	url          = {http://link.springer.com/10.1007/1-4020-4904-8_5},
	editor       = {Weiss, Steven and Ferrand, Nuno}
}
@article{GranadoYelaetal2013ThrivingLimit,
	title        = {Thriving at the limit: {{Differential}} reproductive performance in range-edge populations of a {{Mediterranean}} sclerophyll ({{Olea}} europaea)},
	shorttitle   = {Thriving at the limit},
	author       = {Granado-Yela, Carlos and Balaguer, Luis and García-Verdugo, Carlos and Carrillo, Katty and Méndez, Marcos},
	year         = 2013,
	journal      = {Acta Oecologica},
	volume       = 52,
	pages        = {29--37},
	doi          = {10.1016/j.actao.2013.07.002},
	url          = {https://linkinghub.elsevier.com/retrieve/pii/S1146609X13001094},
	langid       = {english}
}
@software{GRASS_GIS_software,
	title        = {Geographic {{Resources Analysis Support System}} ({{GRASS GIS}}) {{Software}}, {{Version}} 7.2},
	author       = {{GRASS Development Team}},
	year         = 2017,
	url          = {http://grass.osgeo.org},
	organization = {{Open Source Geospatial Foundation}}
}
@article{Gruber1993TranslationApproach,
	title        = {A translation approach to portable ontology specifications},
	author       = {Gruber, Thomas R.},
	journal      = {Knowledge Acquisition},
	volume       = 5,
	number       = 2,
	pages        = {199--220},
	doi          = {10.1006/knac.1993.1008},
	url          = {https://linkinghub.elsevier.com/retrieve/pii/S1042814383710083},
	date         = {1993-06}
}
@article{Guisanetal1999GLMCCA,
	title        = {{{GLM}} versus {{CCA}} spatial modeling of plant species distribution},
	author       = {Guisan, Antoine and Weiss, Stuart B. and Weiss, Andrew D.},
	year         = 1999,
	journal      = {Plant Ecology},
	volume       = 143,
	number       = 1,
	pages        = {107--122},
	doi          = {10.1023/A:1009841519580},
	url          = {https://doi.org/10.1023/A:1009841519580}
}
@article{GuisanThuiller2005PredictingSpecies,
	title        = {Predicting species distribution: offering more than simple habitat models},
	shorttitle   = {Predicting species distribution},
	author       = {Guisan, Antoine and Thuiller, Wilfried},
	year         = 2005,
	journal      = {Ecology Letters},
	volume       = 8,
	number       = 9,
	pages        = {993--1009},
	doi          = {10.1111/j.1461-0248.2005.00792.x},
	url          = {http://doi.wiley.com/10.1111/j.1461-0248.2005.00792.x}
}
@article{GuisanZimmermann2000PredictiveHabitat,
	title        = {Predictive habitat distribution models in ecology},
	author       = {Guisan, Antoine and Zimmermann, Niklaus E.},
	year         = 2000,
	journal      = {Ecological Modelling},
	volume       = 135,
	number       = {2-3},
	pages        = {147--186},
	doi          = {10.1016/S0304-3800(00)00354-9},
	url          = {https://linkinghub.elsevier.com/retrieve/pii/S0304380000003549}
}
@article{Guttman1954NecessaryConditions,
	title        = {Some necessary conditions for common-factor analysis},
	author       = {Guttman, Louis},
	year         = 1954,
	journal      = {Psychometrika},
	volume       = 19,
	number       = 2,
	pages        = {149--161},
	doi          = {10.1007/BF02289162},
	url          = {https://link.springer.com/article/10.1007/BF02289162}
}
@article{Halletal2002MODISSnowcover,
	title        = {{{MODIS}} snow-cover products},
	author       = {Hall, Dorothy K and Riggs, George A and Salomonson, Vincent V and DiGirolamo, Nicolo E and Bayr, Klaus J},
	journal      = {Remote Sensing of Environment},
	volume       = 83,
	number       = {1-2},
	pages        = {181--194},
	doi          = {10.1016/S0034-4257(02)00095-0},
	url          = {https://linkinghub.elsevier.com/retrieve/pii/S0034425702000950},
	date         = 2002
}
@article{HampeJump2011ClimateRelicts,
	title        = {Climate {{Relicts}}: {{Past}}, {{Present}}, {{Future}}},
	shorttitle   = {Climate {{Relicts}}},
	author       = {Hampe, Arndt and Jump, Alistair S.},
	year         = 2011,
	journal      = {Annual Review of Ecology, Evolution, and Systematics},
	volume       = 42,
	number       = 1,
	pages        = {313--333},
	doi          = {10.1146/annurev-ecolsys-102710-145015},
	url          = {https://doi.org/10.1146/annurev-ecolsys-102710-145015}
}
@article{HampePetit2005ConservingBiodiversity,
	title        = {Conserving biodiversity under climate change: the rear edge matters},
	author       = {Hampe, Arndt and Petit, R{\'e}my J.},
	year         = 2005,
	journal      = {Ecology Letters},
	volume       = 8,
	number       = 5,
	pages        = {461--467},
	doi          = {10.1111/j.1461-0248.2005.00739.x}
}
@article{Hannahetal2014FinegrainModeling,
	title        = {Fine-grain modeling of species’ response to climate change: holdouts, stepping-stones, and microrefugia},
	shorttitle   = {Fine-grain modeling of species’ response to climate change},
	author       = {Hannah, Lee and Flint, Lorraine and Syphard, Alexandra D. and Moritz, Max A. and Buckley, Lauren B. and McCullough, Ian M.},
	year         = 2014,
	journal      = {Trends in Ecology \& Evolution},
	volume       = 29,
	number       = 7,
	pages        = {390--397},
	doi          = {10.1016/j.tree.2014.04.006},
	url          = {https://linkinghub.elsevier.com/retrieve/pii/S0169534714001001}
}
@inproceedings{Hashimotoetal2011FrameworkOntologybased,
	title        = {A framework of ontology-based knowledge information processing for change detection in remote sensing data},
	author       = {Hashimoto, S. and Tadono, T. and Onosato, M. and Hori, M. and Moriyama, T.},
	booktitle    = {2011 {{IEEE}} international geoscience and remote sensing symposium},
	pages        = {3927--3930},
	doi          = {10.1109/IGARSS.2011.6050090},
	date         = 2011
}
@book{HayesRothetal1983BuildingExpert,
	title        = {Building expert systems},
	location     = {{Reading, Mass}},
	publisher    = {{Addison-Wesley Pub. Co}},
	series       = {Teknowledge series in knowledge engineering},
	number       = {v. 1},
	editor       = {Hayes-Roth, Frederick and Waterman, D. A. and Lenat, Douglas B.},
	date         = 1983,
	pagetotal    = 444
}
@article{Haylocketal2008EuropeanDaily,
	title        = {A {{European}} daily high-resolution gridded data set of surface temperature and precipitation for 1950\textendash 2006},
	author       = {Haylock, M. R. and Hofstra, N. and Klein Tank, A. M. G. and Klok, E. J. and Jones, P. D. and New, M.},
	year         = 2008,
	journal      = {Journal of Geophysical Research},
	volume       = 113,
	pages        = {D20119},
	doi          = {10.1029/2008JD010201}
}
@manual{here,
	title        = {here: A Simpler Way to Find Your Files},
	author       = {Kirill Müller},
	year         = 2017,
	url          = {https://CRAN.R-project.org/package=here},
	note         = {R package version 0.1}
}
@article{Herreroetal2013VaryingClimate,
	title        = {Varying climate sensitivity at the dry distribution edge of {{Pinus}} sylvestris and {{P}}. nigra},
	author       = {Herrero, A. and Rigling, A. and Zamora, R.},
	year         = 2013,
	journal      = {Forest Ecology and Management},
	volume       = 308,
	pages        = {50--61},
	doi          = {10.1016/j.foreco.2013.07.034}
}
@article{HerreroZamora2014PlantResponses,
	title        = {Plant responses to extreme climatic events: a field test of resilience capacity at the southern range edge},
	author       = {Herrero, Asier and Zamora, Regino},
	year         = 2014,
	journal      = {PLOS ONE},
	volume       = 9,
	number       = 1,
	pages        = {e87842},
	doi          = {10.1371/journal.pone.0087842}
}
@article{HoareFrost2004PhenologicalDescription,
	title        = {Phenological description of natural vegetation in southern {{Africa}} using remotely‐sensed vegetation data},
	author       = {Hoare, David and Frost, Phillip},
	journal      = {Applied Vegetation Science},
	volume       = 7,
	number       = 1,
	pages        = {19--28},
	doi          = {10.1111/j.1654-109X.2004.tb00591.x},
	url          = {https://onlinelibrary.wiley.com/doi/abs/10.1111/j.1654-109X.2004.tb00591.x},
	date         = 2004
}
@article{HobbsPan2004OntologyTime,
	title        = {An ontology of time for the semantic web},
	author       = {Hobbs, Jerry R. and Pan, Feng},
	journal      = {ACM Transactions on Asian Language Information Processing},
	volume       = 3,
	number       = 1,
	pages        = {66--85},
	doi          = {10.1145/1017068.1017073},
	url          = {https://dl.acm.org/doi/10.1145/1017068.1017073},
	date         = {2004-03}
}
@online{HobbsPan2006TimeOntology,
	title        = {Time {{Ontology}} in {{OWL}}},
	author       = {Hobbs, JR and Pan, F},
	url          = {http://www.w3.org/TR/owl-time/},
	date         = 2006
}
@article{Hodgsonetal2015WhatYou,
	title        = {What do you mean, `resilient'?},
	author       = {Hodgson, Dave and McDonald, Jenni L. and Hosken, David J.},
	year         = 2015,
	journal      = {Trends in Ecology \& Evolution},
	volume       = 30,
	number       = 9,
	pages        = {503--506},
	doi          = {10.1016/j.tree.2015.06.010}
}
@article{Holling1973ResilienceStability,
	title        = {Resilience and stability of ecological systems},
	author       = {Holling, C S},
	year         = 1973,
	journal      = {Annual Review of Ecology and Systematics},
	volume       = 4,
	number       = 1,
	pages        = {1--23},
	doi          = {10.1146/annurev.es.04.110173.000245},
	keywords     = {Resilience}
}
@article{Holmes1983ComputerassistedQuality,
	title        = {Computer-assisted quality control in tree-ring dating and measurement},
	author       = {Holmes, Richard L.},
	year         = 1983,
	journal      = {Tree-Ring Bulletin},
	volume       = 43,
	pages        = {69--78}
}
@article{Huangetal2018DroughtTiming,
	title        = {Drought timing influences the legacy of tree growth recovery},
	author       = {Huang, Mengtian and Wang, Xuhui and Keenan, Trevor F. and Piao, Shilong},
	year         = 2018,
	journal      = {Global Change Biology},
	volume       = 24,
	number       = 8,
	pages        = {3546--3559},
	doi          = {10.1111/gcb.14294}
}
@article{Hueteetal2002OverviewRadiometric,
	title        = {Overview of the radiometric and biophysical performance of the {{MODIS}} vegetation indices},
	author       = {Huete, A. and Didan, K. and Miura, T. and Rodriguez, E. P. and Gao, X. and Ferreira, L. G.},
	journal      = {Remote Sensing of Environment},
	volume       = 83,
	number       = {1–2},
	pages        = {195--213},
	doi          = {10.1016/S0034-4257(02)00096-2},
	date         = 2002
}
@article{Hydeetal2006MappingForest,
	title        = {Mapping forest structure for wildlife habitat analysis using multi-sensor ({{LiDAR}}, {{SAR}}/{{InSAR}}, {{ETM}}+, {{Quickbird}}) synergy},
	author       = {Hyde, Peter and Dubayah, Ralph and Walker, Wayne and Blair, J. Bryan and Hofton, Michelle and Hunsaker, Carolyn},
	journal      = {Remote Sensing of Environment},
	volume       = 102,
	number       = {1-2},
	pages        = {63--73},
	doi          = {10.1016/j.rse.2006.01.021},
	url          = {https://linkinghub.elsevier.com/retrieve/pii/S0034425706000551},
	date         = {2006-05}
}
@article{IngrischBahn2018ComparableQuantification,
	title        = {Towards a comparable quantification of resilience},
	author       = {Ingrisch, Johannes and Bahn, Michael},
	year         = 2018,
	journal      = {Trends in Ecology \& Evolution},
	volume       = 33,
	number       = 4,
	pages        = {251--259},
	doi          = {10.1016/j.tree.2018.01.013}
}
@book{JimenezOlivencia1991PaisajesSierra,
	title        = {Los paisajes de {{Sierra Nevada}}: cartografía de los sistemas naturales de una montaña mediterránea},
	author       = {Jiménez Olivencia, Yolanda},
	year         = 1991,
	location     = {{Granada}},
	publisher    = {{Universidad de Granada}},
	pagetotal    = 223
}
@article{JimenezOlivenciaetal2015MedioSiglo,
	title        = {Medio siglo en la evoluci\'on de los paisajes naturales y agrarios de {{Sierra Nevada}} ({{Espa\~na}})},
	author       = {{Jim{\'e}nez-Olivencia}, Y. and Porcel, L. and Caballero, A.},
	year         = 2015,
	journal      = {Bolet\'in de la Asociaci\'on de Ge\'ografos Espa\~noles},
	volume       = 68,
	pages        = {205--232}
}
@book{Jonesetal2001SnowEcology,
	title        = {Snow ecology: an interdisciplinary examination of snow-covered ecosystems},
	shorttitle   = {Snow ecology},
	location     = {{Cambridge, UK ; New York, NY}},
	publisher    = {{Cambridge University Press}},
	editor       = {Jones, H. G. and Pomeroy, JW and Walker, D.A. and Hoham, R.W.},
	date         = 2001,
	pagetotal    = 378
}
@article{Jonesetal2006NewBioinformatics,
	title        = {The {{New Bioinformatics}}: {{Integrating Ecological Data}} from the {{Gene}} to the {{Biosphere}}},
	shorttitle   = {The {{New Bioinformatics}}},
	author       = {Jones, Matthew B. and Schildhauer, Mark P. and Reichman, O.J. and Bowers, Shawn},
	journal      = {Annual Review of Ecology, Evolution, and Systematics},
	volume       = 37,
	number       = 1,
	pages        = {519--544},
	doi          = {10.1146/annurev.ecolsys.37.091305.110031},
	url          = {http://www.annualreviews.org/doi/10.1146/annurev.ecolsys.37.091305.110031},
	date         = {2006-12}
}
@article{Jumpetal2009AltitudeforlatitudeDisparity,
	title        = {The altitude-for-latitude disparity in the range retractions of woody species},
	author       = {Jump, Alistair S. and Mátyás, Csaba and Peñuelas, Josep},
	year         = 2009,
	journal      = {Trends in Ecology \& Evolution},
	volume       = 24,
	number       = 12,
	pages        = {694--701},
	doi          = {10.1016/j.tree.2009.06.007},
	url          = {https://linkinghub.elsevier.com/retrieve/pii/S0169534709002043}
}
@article{Jumpetal2010MonitoringManaging,
	title        = {Monitoring and managing responses to climate change at the retreating range edge of forest trees},
	author       = {Jump, Alistair S and Cavin, Liam and Hunter, Peter D},
	year         = 2010,
	journal      = {Journal of Environmental Monitoring},
	volume       = 12,
	pages        = {1791--1798}
}
@article{Justiceetal2002OverviewMODIS,
	title        = {An overview of {{MODIS Land}} data processing and product status},
	author       = {Justice, C.O and Townshend, J.R.G and Vermote, E.F and Masuoka, E and Wolfe, R.E and Saleous, N and Roy, D.P and Morisette, J.T},
	journal      = {Remote Sensing of Environment},
	volume       = 83,
	number       = {1-2},
	pages        = {3--15},
	doi          = {10.1016/S0034-4257(02)00084-6},
	url          = {https://linkinghub.elsevier.com/retrieve/pii/S0034425702000846},
	date         = 2002
}
@manual{kableExtra,
	title        = {kableExtra: Construct Complex Table with 'kable' and Pipe Syntax},
	author       = {Hao Zhu},
	year         = 2019,
	url          = {https://CRAN.R-project.org/package=kableExtra},
	note         = {R package version 1.1.0}
}
@article{Kallurietal2003PotentialRemote,
	title        = {The potential of remote sensing data for decision makers at the state, local and tribal level: experiences from {{NASA}}’s {{Synergy}} program},
	shorttitle   = {The potential of remote sensing data for decision makers at the state, local and tribal level},
	author       = {Kalluri, S. and Gilruth, P. and Bergman, R.},
	journal      = {Environmental Science \& Policy},
	volume       = 6,
	number       = 6,
	pages        = {487--500},
	doi          = {10.1016/j.envsci.2003.08.002},
	url          = {https://linkinghub.elsevier.com/retrieve/pii/S1462901103001126},
	date         = {2003-12}
}
@book{Kendall1970RankCorrelation,
	title        = {Rank correlation methods},
	author       = {Kendall, Maurice G.},
	location     = {{London}},
	publisher    = {{Griffin}},
	date         = 1970,
	edition      = {4th ed},
	pagetotal    = 202
}
@inproceedings{klaR,
	title        = {klaR Analyzing German Business Cycles},
	author       = {Claus Weihs and Uwe Ligges and Karsten Luebke and Nils Raabe},
	year         = 2005,
	booktitle    = {Data Analysis and Decision Support},
	publisher    = {Springer-Verlag},
	address      = {Berlin},
	pages        = {335--343},
	editor       = {D. Baier and R. Decker and L. Schmidt-Thieme}
}
@manual{knitr,
	title        = {knitr: A Comprehensive Tool for Reproducible Research in {R}},
	author       = {Yihui Xie},
	year         = 2014,
	booktitle    = {Implementing Reproducible Computational Research},
	publisher    = {Chapman and Hall/CRC},
	address      = {Boca Raton, Florida},
	url          = {http://www.crcpress.com/product/isbn/9781466561595},
	note         = {ISBN 978-1466561595},
	edition      = {2nd},
	editor       = {Victoria Stodden and Friedrich Leisch and Roger D. Peng}
}
@book{Kohleretal2014MountainsClimate,
	title        = {Mountains and climate change: a global concern},
	year         = 2014,
	location     = {{Bern}},
	publisher    = {{Centre for Development and Environment, Swiss Agency for Development and Cooperation and Geographica Bernensia}},
	series       = {Sustainable mountain development series},
	editor       = {Kohler, Thomas and Wehrli, André and Jurek, Mathias},
	pagetotal    = 136
}
@article{Korner2013GrowthControls,
	title        = {Growth controls photosynthesis \textemdash{} {{Mostly}}},
	author       = {K{\"o}rner, Christian},
	year         = 2013,
	journal      = {Nova Acta Leopoldina},
	volume       = 114,
	pages        = {273--283}
}
@article{KornerSpehn2019HumboldtianView,
	title        = {A {{Humboldtian}} view of mountains},
	author       = {Körner, Christian and Spehn, Eva},
	year         = 2019,
	journal      = {Science},
	volume       = 365,
	number       = 6458,
	pages        = {1061--1061},
	doi          = {10.1126/science.aaz4161},
	url          = {https://www.sciencemag.org/lookup/doi/10.1126/science.aaz4161}
}
@book{Krebs1999EcologicalMethodology,
	title        = {Ecological methodology},
	author       = {Krebs, Charles J.},
	year         = 1999,
	location     = {{Menlo Park, Calif}},
	publisher    = {{Benjamin/Cummings}},
	edition      = {2nd ed},
	pagetotal    = 620
}
@article{Kruskal1964NonmetricMultidimensional,
	title        = {Nonmetric multidimensional scaling: {{A}} numerical method},
	shorttitle   = {Nonmetric multidimensional scaling},
	author       = {Kruskal, J. B.},
	year         = 1964,
	journal      = {Psychometrika},
	volume       = 29,
	number       = 2,
	pages        = {115--129},
	doi          = {10.1007/BF02289694},
	url          = {https://doi.org/10.1007/BF02289694}
}
@book{LegendreLegendre2012NumericalEcology,
	title        = {Numerical ecology},
	author       = {Legendre, Pierre and Legendre, Loic FJ},
	year         = 2012,
	publisher    = {{Elsevier}},
	volume       = 24,
	pagetotal    = 870
}
@article{LindenmayerLikens2010ScienceApplication,
	title        = {The science and application of ecological monitoring},
	author       = {Lindenmayer, David B. and Likens, Gene E.},
	journal      = {Biological Conservation},
	volume       = 143,
	number       = 6,
	pages        = {1317--1328},
	doi          = {10.1016/j.biocon.2010.02.013},
	url          = {https://linkinghub.elsevier.com/retrieve/pii/S0006320710000522},
	date         = {2010-06}
}
@article{Lindneretal2010ClimateChange,
	title        = {Climate change impacts, adaptive capacity, and vulnerability of {{European}} forest ecosystems},
	author       = {Lindner, Marcus and Maroschek, Michael and Netherer, Sigrid and Kremer, Antoine and Barbati, Anna and Garcia-Gonzalo, Jordi and Seidl, Rupert and Delzon, Sylvain and Corona, Piermaria and Kolström, Marja and Lexer, Manfred J. and Marchetti, Marco},
	year         = 2010,
	journal      = {Forest Ecology and Management},
	volume       = 259,
	number       = 4,
	pages        = {698--709},
	doi          = {10.1016/j.foreco.2009.09.023},
	url          = {https://linkinghub.elsevier.com/retrieve/pii/S0378112709006604}
}
@article{Lloretetal2004CanopyRecovery,
	title        = {Canopy recovery after drought dieback in holm-oak {{Mediterranean}} forests of {{Catalonia}} ({{NE Spain}})},
	author       = {Lloret, Francisco and Siscart, Daniel and Dalmases, Carles},
	year         = 2004,
	journal      = {Global Change Biology},
	volume       = 10,
	number       = 12,
	pages        = {2092--2099},
	doi          = {10.1111/j.1365-2486.2004.00870.x},
	ids          = {Lloretetal2004CanopyRecovery}
}
@article{Lloretetal2011ComponentsTree,
	title        = {Components of tree resilience: effects of successive low-growth episodes in old ponderosa pine forests},
	author       = {Lloret, Francisco and Keeling, Eric G. and Sala, Anna},
	year         = 2011,
	journal      = {Oikos},
	volume       = 120,
	number       = 12,
	pages        = {1909--1920},
	doi          = {10.1111/j.1600-0706.2011.19372.x}
}
@article{Lloretetal2012ExtremeClimatic,
	title        = {Extreme climatic events and vegetation: the role of stabilizing processes},
	shorttitle   = {Extreme climatic events and vegetation},
	author       = {Francisco Lloret and Adrian Escudero and Jos{\a'e} Mar\'ia Iriondo and Jordi Mart{\a'\i}nez-Vilalta and Fernando Valladares},
	year         = 2012,
	month        = mar,
	journal      = {Global Change Biology},
	volume       = 18,
	number       = 3,
	pages        = {797--805},
	doi          = {10.1111/j.1365-2486.2011.02624.x},
	issn         = {1354-1013, 1365-2486},
	language     = {en}
}
@article{Lloyd1990PhenologicalClassification,
	title        = {A phenological classification of terrestrial vegetation cover using shortwave vegetation index imagery},
	author       = {Lloyd, Daniel},
	journal      = {International Journal of Remote Sensing},
	volume       = 11,
	number       = 12,
	pages        = {2269--2279},
	doi          = {10.1080/01431169008955174},
	url          = {https://www.tandfonline.com/doi/full/10.1080/01431169008955174},
	date         = {1990-12}
}
@article{Loetal2010WordCaution,
	title        = {A word of caution when planning forest management using projections of tree species range shifts},
	author       = {Lo, Yueh-Hsin and Blanco, Juan A. and Kimmins, J. P. (Hamish)},
	year         = 2010,
	journal      = {The Forestry Chronicle},
	volume       = 86,
	number       = 3,
	pages        = {312--316},
	doi          = {10.5558/tfc86312-3},
	url          = {http://pubs.cif-ifc.org/doi/10.5558/tfc86312-3}
}
@article{LopezTiradoHidalgo2014HighResolution,
	title        = {A high resolution predictive model for relict trees in the {{Mediterranean}}-mountain forests ({{Pinus}} sylvestris {{L}}., {{P}}. nigra {{Arnold}} and {{Abies}} pinsapo {{Boiss}}.) from the south of {{Spain}}: {{A}} reliable management tool for reforestation},
	shorttitle   = {A high resolution predictive model for relict trees in the {{Mediterranean}}-mountain forests ({{Pinus}} sylvestris {{L}}., {{P}}. nigra {{Arnold}} and {{Abies}} pinsapo {{Boiss}}.) from the south of {{Spain}}},
	author       = {López-Tirado, Javier and Hidalgo, Pablo J.},
	year         = 2014,
	journal      = {Forest Ecology and Management},
	volume       = 330,
	pages        = {105--114},
	doi          = {10.1016/j.foreco.2014.07.009},
	url          = {https://linkinghub.elsevier.com/retrieve/pii/S0378112714004277},
	langid       = {english}
}
@article{Lorite2016UpdatedChecklist,
	title        = {An updated checklist of the vascular flora of {{Sierra Nevada}} ({{SE Spain}})},
	author       = {Lorite, Juan},
	year         = 2016,
	journal      = {Phytotaxa},
	volume       = 261,
	number       = 1,
	pages        = {1--57},
	doi          = {10.11646/phytotaxa.261.1.1},
	url          = {https://biotaxa.org/Phytotaxa/article/view/phytotaxa.261.1.1},
	keywords     = {flora,SN}
}
@article{Loriteetal2008PhytosociologicalReview,
	title        = {Phytosociological review on the forests of \{\vphantom\}{{Quercus}} pyrenaica {{Willd}}\vphantom\{\}},
	author       = {Lorite, Juan and Salazar, Carlos and Pe{\~n}ast, Julio and Valle, Francisco},
	year         = 2008,
	journal      = {Acta Botanica Gallica},
	volume       = 155,
	number       = 2,
	pages        = {219--233},
	doi          = {10.1080/12538078.2008.10516105},
	keywords     = {biodiversity,Vascular Plants}
}
@article{Louetteetal2011BridgingGap,
	title        = {Bridging the gap between the {{Natura}} 2000 regional conservation status and local conservation objectives},
	author       = {Louette, Gerald and Adriaens, Dries and Adriaens, Peter and Anselin, Anny and Devos, Koen and Sannen, Kurt and Van Landuyt, Wouter and Paelinckx, Desiré and Hoffmann, Maurice},
	journal      = {Journal for Nature Conservation},
	volume       = 19,
	number       = 4,
	pages        = {224--235},
	doi          = {10.1016/j.jnc.2011.02.001},
	url          = {https://linkinghub.elsevier.com/retrieve/pii/S1617138111000069},
	date         = {2011-09}
}
@article{Madinetal2007OntologyDescribing,
	title        = {An ontology for describing and synthesizing ecological observation data},
	author       = {Madin, Joshua and Bowers, Shawn and Schildhauer, Mark and Krivov, Sergeui and Pennington, Deana and Villa, Ferdinando},
	journal      = {Ecological Informatics},
	series       = {Meta-information systems and ontologies. {{A Special Feature}} from the 5th {{International Conference}} on {{Ecological Informatics ISEI5}}, {{Santa Barbara}}, {{CA}}, {{Dec}}. 4–7, 2006},
	volume       = 2,
	number       = 3,
	pages        = {279--296},
	doi          = {10.1016/j.ecoinf.2007.05.004},
	url          = {https://www.sciencedirect.com/science/article/pii/S1574954107000362},
	date         = {2007-10-01}
}
@article{Madinetal2008AdvancingEcological,
	title        = {Advancing ecological research with ontologies},
	author       = {Madin, Joshua S. and Bowers, Shawn and Schildhauer, Mark P. and Jones, Matthew B.},
	journal      = {Trends in Ecology \& Evolution},
	volume       = 23,
	number       = 3,
	pages        = {159--168},
	doi          = {10.1016/j.tree.2007.11.007},
	url          = {https://linkinghub.elsevier.com/retrieve/pii/S0169534708000384},
	date         = {2008-03}
}
@book{Mairetal2017WRS2Wilcox,
	title        = {{{WRS2}}: {{Wilcox}} robust estimation and testing},
	author       = {Mair, Patrick and Schoenbrodt, Felix and Wilcox, Rand},
	year         = 2017
}
@article{Mann1945NonparametricTests,
	title        = {Nonparametric {{Tests Against Trend}}},
	author       = {Mann, Henry B.},
	journal      = {Econometrica},
	publisher    = {{[Wiley, Econometric Society]}},
	volume       = 13,
	number       = 3,
	pages        = {245--259},
	doi          = {10.2307/1907187},
	date         = 1945,
	eprint       = 1907187,
	eprinttype   = {jstor}
}
@article{MartinezGilabert2009VegetationDynamics,
	title        = {Vegetation dynamics from {{NDVI}} time series analysis using the wavelet transform},
	author       = {Martínez, Beatriz and Gilabert, María Amparo},
	journal      = {Remote Sensing of Environment},
	volume       = 113,
	number       = 9,
	pages        = {1823--1842},
	doi          = {10.1016/j.rse.2009.04.016},
	url          = {https://www.sciencedirect.com/science/article/pii/S0034425709001254},
	date         = {2009-09-01}
}
@article{MartinezParrasMoleroMesa1982EcologiaFitosociologia,
	title        = {Ecología y fitosociología de {{{\emph{Q}}}}uercus pyrenaica {{Willd}}. en la provincia {{Bética}}. {{Los}} melojares béticos y sus etapas de sustitución},
author       = {Martínez-Parras, José María and Molero-Mesa, Joaquín},
year         = 1982,
journal      = {Lazaroa},
volume       = 4,
pages        = {91--104}
}
@article{MartinezSanchoGutierrezMerino2019EvidenceThat,
	title        = {Evidence that the {{Montseny Mountains}} are still a good climatic refugium for the southernmost silver fir forest on the {{Iberian Peninsula}}},
	author       = {{Mart{\'i}nez-Sancho}, Elisabet and Guti{\'e}rrez Merino, Emilia},
	year         = 2019,
	journal      = {Dendrochronologia},
	volume       = 56,
	pages        = 125593,
	doi          = {10.1016/j.dendro.2019.04.007}
}
@article{MartinezVilalta2018RearWindow,
	title        = {The rear window: structural and functional plasticity in tree responses to climate change inferred from growth rings},
	author       = {{Mart{\'i}nez-Vilalta}, Jordi},
	year         = 2018,
	journal      = {Tree Physiology},
	doi          = {10.1093/treephys/tpy008}
}
@article{Marty2008RegimeShift,
	title        = {Regime shift of snow days in {{Switzerland}}},
	author       = {Marty, Christoph},
	journal      = {Geophysical Research Letters},
	volume       = 35,
	number       = 12,
	doi          = {10.1029/2008GL033998},
	url          = {https://agupubs.onlinelibrary.wiley.com/doi/abs/10.1029/2008GL033998},
	date         = 2008
}
@book{MASS,
	title        = {Modern Applied Statistics with S},
	author       = {W. N. Venables and B. D. Ripley},
	year         = 2002,
	publisher    = {Springer},
	address      = {New York},
	url          = {http://www.stats.ox.ac.uk/pub/MASS4},
	note         = {ISBN 0-387-95457-0},
	edition      = {Fourth}
}
@article{Mateoetal2010EffectsNumber,
	title        = {Effects of the number of presences on reliability and stability of {{MARS}} species distribution models: the importance of regional niche variation and ecological heterogeneity},
	author       = {Mateo, Rubén G. and Felićısimo, Ángel M. and Muñoz, Jesús},
	year         = 2010,
	journal      = {Journal of Vegetation Science},
	volume       = 21,
	number       = 5,
	pages        = {908--922},
	doi          = {10.1111/j.1654-1103.2010.01198.x},
	url          = {https://doi.org/10.1111/j.1654-1103.2010.01198.x}
}
@article{MatesanzValladares2014EcologicalEvolutionary,
	title        = {Ecological and evolutionary responses of {{Mediterranean}} plants to global change},
	author       = {Matesanz, Silvia and Valladares, Fernando},
	year         = 2014,
	journal      = {Environmental and Experimental Botany},
	volume       = 103,
	pages        = {53--67},
	doi          = {10.1016/j.envexpbot.2013.09.004}
}
@article{Matiasetal2017ContrastingGrowth,
	title        = {Contrasting growth forecasts across the geographical range of {{Scots}} pine due to altitudinal and latitudinal differences in climatic sensitivity},
	author       = {Matías, Luis and Linares, Juan C. and Sánchez-Miranda, Angela and Jump, Alistair S.},
	year         = 2017,
	journal      = {Global Change Biology},
	volume       = 23,
	number       = 10,
	pages        = {4106--4116},
	doi          = {10.1111/gcb.13627},
	url          = {http://doi.wiley.com/10.1111/gcb.13627}
}
@article{MatiasJump2012InteractionsGrowth,
	title        = {Interactions between growth, demography and biotic interactions in determining species range limits in a warming world: {{The}} case of {{Pinus}} sylvestris},
	shorttitle   = {Interactions between growth, demography and biotic interactions in determining species range limits in a warming world},
	author       = {Matías, Luis and Jump, Alistair S.},
	year         = 2012,
	journal      = {Forest Ecology and Management},
	volume       = 282,
	pages        = {10--22},
	doi          = {10.1016/j.foreco.2012.06.053},
	url          = {http://www.sciencedirect.com/science/article/pii/S0378112712003921},
	urlyear      = {2019-07-22}
}
@article{Mausolfetal2018LegacyEffects,
	title        = {Legacy effects of land-use modulate tree growth responses to climate extremes},
	author       = {Mausolf, Katharina and H{\"a}rdtle, Werner and Jansen, Kirstin and Delory, Benjamin M. and Hertel, Dietrich and Leuschner, Christoph and Temperton, Vicky M. and {\noopsort{oheimb}}{von Oheimb}, Goddert and Fichtner, Andreas},
	year         = 2018,
	journal      = {Oecologia},
	volume       = 187,
	number       = 3,
	pages        = {825--837},
	doi          = {10.1007/s00442-018-4156-9}
}
@article{McElhinnyetal2005ForestWoodland,
	title        = {Forest and woodland stand structural complexity: {{Its}} definition and measurement},
	shorttitle   = {Forest and woodland stand structural complexity},
	author       = {McElhinny, Chris and Gibbons, Phillip and Brack, Cris and Bauhus, Juergen},
	year         = 2005,
	journal      = {Forest Ecology and Management},
	volume       = 218,
	number       = 1,
	pages        = {1--24},
	doi          = {10.1016/j.foreco.2005.08.034},
	url          = {http://www.sciencedirect.com/science/article/pii/S0378112705005001}
}
@manual{McLeod2011KendallKendall,
	title        = {Kendall: {{Kendall}} rank correlation and {{Mann}}-{{Kendall}} trend test},
	author       = {McLeod, A.I.},
	url          = {https://CRAN.R-project.org/package=Kendall},
	date         = 2011,
	type         = {manual}
}
@article{MedailDiadema2009GlacialRefugia,
	title        = {Glacial refugia influence plant diversity patterns in the {{Mediterranean Basin}}},
	author       = {Médail, Frédéric and Diadema, Katia},
	year         = 2009,
	journal      = {Journal of Biogeography},
	volume       = 36,
	number       = 7,
	pages        = {1333--1345},
	doi          = {10.1111/j.1365-2699.2008.02051.x},
	url          = {http://doi.wiley.com/10.1111/j.1365-2699.2008.02051.x}
}
@article{MeineriHylander2017FinegrainLargedomain,
	title        = {Fine-grain, large-domain climate models based on climate station and comprehensive topographic information improve microrefugia detection},
	author       = {Meineri, Eric and Hylander, Kristoffer},
	year         = 2017,
	journal      = {Ecography},
	volume       = 40,
	number       = 8,
	pages        = {1003--1013},
	doi          = {10.1111/ecog.02494},
	url          = {http://doi.wiley.com/10.1111/ecog.02494}
}
@incollection{MelendoValle2000EstudioComparativo,
	title        = {Estudio comparativo de los melojares nevadenses},
	author       = {Melendo, M. and Valle, F.},
	booktitle    = {I {{Conferencia}} internacional {{Sierra Nevada}}},
	location     = {{Granada}},
	publisher    = {{Universidad de Granada}},
	pages        = {463--479},
	editor       = {Chacón, J. and Rosúa, J.},
	date         = 2000
}
@article{Mendozaetal2009SeedingExperiment,
	title        = {A seeding experiment for testing tree-community recruitment under variable environments: {{Implications}} for forest regeneration and conservation in {{Mediterranean}} habitats},
	shorttitle   = {A seeding experiment for testing tree-community recruitment under variable environments},
	author       = {Mendoza, Irene and Zamora, Regino and Castro, Jorge},
	year         = 2009,
	journal      = {Biological Conservation},
	volume       = 142,
	number       = 7,
	pages        = {1491--1499},
	doi          = {10.1016/j.biocon.2009.02.018},
	url          = {https://linkinghub.elsevier.com/retrieve/pii/S0006320709000937}
}
@article{Minchin1987SimulationMultidimensional,
	title        = {Simulation of multidimensional community patterns: towards a comprehensive model},
	shorttitle   = {Simulation of multidimensional community patterns},
	author       = {Minchin, Peter R.},
	year         = 1987,
	journal      = {Vegetatio},
	volume       = 71,
	number       = 3,
	pages        = {145--156},
	doi          = {10.1007/BF00039167},
	url          = {https://doi.org/10.1007/BF00039167}
}
@book{MorenoRodriguezetal2005EvaluacionPreliminar,
	title        = {Evaluación preliminar de los impactos en España por efecto del cambio climático: proyecto ECCE-informe final},
	shorttitle   = {Evaluación preliminar de los impactos en España por efecto del cambio climático},
	author       = {Moreno Rodríguez, José Manuel and Cruz Treviño, A and Martínez Lope, C},
	location     = {{Madrid}},
	publisher    = {{Centro de Publicaciones, Ministerio de Medio Ambiente}},
	date         = 2005
}
@article{Munteanuetal2015Legacies19th,
	title        = {Legacies of 19th century land use shape contemporary forest cover},
	author       = {Munteanu, Catalina and Kuemmerle, Tobias and Keuler, Nicholas S. and M{\"u}ller, Daniel and Bal{\'a}zs, Pal and Dobosz, Monika and Griffiths, Patrick and Halada, Lubos and Kaim, Dominik and Kir{\'a}ly, G{\'e}za and {Konkoly-Gyur{\'o}}, {\'E}va and Kozak, Jacek and Lieskovsky, Juraj and Ostafin, Krzysztof and Ostapowicz, Katarzyna and Shandra, Oleksandra and Radeloff, Volker C.},
	year         = 2015,
	journal      = {Global Environmental Change},
	volume       = 34,
	pages        = {83--94},
	doi          = {10.1016/j.gloenvcha.2015.06.015}
}
@article{NavarroGonzalezetal2013WeightLanduse,
	title        = {The weight of the past: land-use legacies and recolonization of pine plantations by oak trees},
	author       = {{Navarro-Gonz{\'a}lez}, Irene and {P{\'e}rez-Luque}, Antonio J. and Bonet, Francisco J. and Zamora, Regino},
	year         = 2013,
	journal      = {Ecological Applications},
	volume       = 23,
	number       = 6,
	pages        = {1267--1276},
	doi          = {10.1890/12-0459.1}
}
@article{Neteleretal2012GRASSGIS,
	title        = {{{GRASS GIS}}: {{A}} multi-purpose open source {{GIS}}},
	shorttitle   = {{{GRASS GIS}}},
	author       = {Neteler, Markus and Bowman, M. Hamish and Landa, Martin and Metz, Markus},
	year         = 2012,
	journal      = {Environmental Modelling \& Software},
	volume       = 31,
	pages        = {124--130},
	doi          = {10.1016/j.envsoft.2011.11.014},
	url          = {http://www.sciencedirect.com/science/article/pii/S1364815211002775},
	urlyear      = {2019-07-17}
}
@manual{nFactors,
	title        = {nFactors: Parallel Analysis and Other Non Graphical Solutions to the Cattell Scree Test},
	author       = {Gilles Raiche and David Magis},
	year         = 2020,
	url          = {https://CRAN.R-project.org/package=nFactors},
	note         = {R package version 2.4.1}
}
@article{Nikolovaetal2013ChangesSnowfall,
	title        = {Changes in snowfall/precipitation-day ratio in {{Slovakia}} and their linkages with air temperature and precipitation},
	author       = {Nikolova, Nina and Faško, Pavol and Lapin, Milan and Švec, Marek},
	journal      = {Contributions to Geophysics and Geodesy},
	volume       = 43,
	number       = 2,
	pages        = {141--155},
	doi          = {10.2478/congeo-2013-0009},
	date         = {2013-06-30},
	issue        = 2
}
@article{Ninyerolaetal2000MethodologicalApproach,
	title        = {A methodological approach of climatological modelling of air temperature and precipitation through {{GIS}} techniques},
	author       = {Ninyerola, Miquel and Pons, Xavier and Roure, Joan M},
	year         = 2000,
	journal      = {International Journal of Climatology},
	volume       = 20,
	pages        = {1823--1841}
}
@article{NowackiAbrams1997RadialgrowthAveraging,
	title        = {Radial-growth averaging criteria for reconstructing disturbance histories from presettlement-origing oaks},
	author       = {Nowacki, Gregory J. and Abrams, Marc D.},
	year         = 1997,
	journal      = {Ecological Monographs},
	volume       = 67,
	number       = 2,
	pages        = {225--249},
	doi          = {10.1890/0012-9615(1997)067[0225:RGACFR]2.0.CO;2}
}
@manual{officer,
	title        = {officer: Manipulation of Microsoft Word and PowerPoint Documents},
	author       = {David Gohel},
	year         = 2020,
	url          = {https://CRAN.R-project.org/package=officer},
	note         = {R package version 0.3.12}
}
@misc{Oksanen2013MultivariateAnalysis,
	title        = {Multivariate {{Analysis}} of {{Ecological Communities}} in {{R}}: {{Vegan Tutorial}}},
	author       = {Oksanen, Jari},
	year         = 2013,
	series       = {R {{Doc}}},
	url          = {http://phylodiversity.net/azanne/csfar/images/8/85/Vegan.pdf}
}
@article{OksanenVeganIntroduction,
	title        = {Vegan: an introduction to ordination},
	author       = {Oksanen, Jari},
	pages        = 12
}
@article{Olaldeetal2002WhiteOaks,
	title        = {White oaks phylogeography in the {{Iberian Peninsula}}},
	author       = {Olalde, Marta and Herr{\'a}n, Ana and Espinel, Santiago and Goicoechea, Pablo G.},
	year         = 2002,
	journal      = {Forest Ecology and Management},
	volume       = 156,
	number       = 1,
	pages        = {89--102},
	doi          = {10.1016/S0378-1127(01)00636-3}
}
@article{Oldfatheretal2020RangeEdges,
	title        = {Range edges in heterogeneous landscapes: {{Integrating}} geographic scale and climate complexity into range dynamics},
	author       = {Oldfather, Meagan F. and Kling, Matthew M. and Sheth, Seema N. and Emery, Nancy C. and Ackerly, David D.},
	year         = 2020,
	journal      = {Global Change Biology},
	volume       = 26,
	number       = 3,
	pages        = {1055--1067},
	doi          = {10.1111/gcb.14897}
}
@article{OlivaSantosetal2014OntologybasedTopological,
	title        = {Ontology-based topological representation of remote-sensing images},
	author       = {Oliva-Santos, Rafael and Maciá-Pérez, Francisco and Garea-Llano, Eduardo},
	journal      = {International Journal of Remote Sensing},
	publisher    = {{Taylor \& Francis}},
	volume       = 35,
	number       = 1,
	pages        = {16--28},
	doi          = {10.1080/01431161.2013.858847},
	url          = {https://doi.org/10.1080/01431161.2013.858847},
	date         = {2014-01-02}
}
@article{OsborneSuarezSeoane2002ShouldData,
	title        = {Should data be partitioned spatially before building large-scale distribution models?},
	author       = {Osborne, Patrick E and Suárez-Seoane, Susana},
	year         = 2002,
	journal      = {Ecological Modelling},
	volume       = 157,
	number       = {2-3},
	pages        = {249--259},
	doi          = {10.1016/S0304-3800(02)00198-9},
	url          = {https://linkinghub.elsevier.com/retrieve/pii/S0304380002001989}
}
@manual{pander,
	title        = {pander: An R 'Pandoc' Writer},
	author       = {Gergely Daróczi and Roman Tsegelskyi},
	year         = 2018,
	url          = {https://CRAN.R-project.org/package=pander},
	note         = {R package version 0.6.3}
}
@article{Parueloetal1997ANPPEstimates,
	title        = {\{\vphantom\}{{ANPP}}\vphantom\{\} {{Estimates}} from {{Ndvi}} for the {{Central Grassland Region}} of the {{United States}}},
	author       = {Paruelo, José M. and Epstein, Howard E. and Lauenroth, William K. and Burke, Ingrid C.},
	journal      = {Ecology},
	volume       = 78,
	number       = 3,
	pages        = {953--958},
	doi          = {10.1890/0012-9658(1997)078[0953:AEFNFT]2.0.CO;2},
	url          = {https://esajournals.onlinelibrary.wiley.com/doi/abs/10.1890/0012-9658%281997%29078%5B0953%3AAEFNFT%5D2.0.CO%3B2},
	date         = 1997
}
@article{ParueloLauenroth1995RegionalPatterns,
	title        = {Regional {{Patterns}} of {{Normalized Difference Vegetation Index}} in {{North American Shrublands}} and {{Grasslands}}},
	author       = {Paruelo, Jose M. and Lauenroth, William K.},
	journal      = {Ecology},
	volume       = 76,
	number       = 6,
	pages        = {1888--1898},
	doi          = {10.2307/1940721},
	url          = {https://esajournals.onlinelibrary.wiley.com/doi/abs/10.2307/1940721},
	date         = 1995
}
@article{Pascoaetal2017DroughtTrends,
	title        = {Drought trends in the {{Iberian Peninsula}} over the last 112 years},
	author       = {P{\'a}scoa, P and Gouveia, CM and Russo, A and Trigo, RM},
	year         = 2017,
	journal      = {Advances in Meteorology},
	pages        = {ID4653126},
	doi          = {10.1155/2017/4653126}
}
@manual{patchwork,
	title        = {patchwork: The Composer of Plots},
	author       = {Thomas Lin Pedersen},
	year         = 2020,
	url          = {https://CRAN.R-project.org/package=patchwork},
	note         = {R package version 1.0.1}
}
@article{Payneetal2017OpportunitiesResearch,
	title        = {Opportunities for research on mountain biodiversity under global change},
	author       = {Payne, Davnah and Spehn, Eva M and Snethlage, Mark and Fischer, Markus},
	year         = 2017,
	journal      = {Current Opinion in Environmental Sustainability},
	volume       = 29,
	pages        = {40--47},
	doi          = {10.1016/j.cosust.2017.11.001},
	url          = {https://linkinghub.elsevier.com/retrieve/pii/S1877343517301471},
	langid       = {english}
}
@article{PenaGallardoetal2018DroughtSensitiveness,
	title        = {Drought sensitiveness on forest growth in peninsular {{Spain}} and the {{Balearic Islands}}},
	author       = {{Pe{\~n}a-Gallardo}, Marina and {Vicente-Serrano}, Sergio and Camarero, J. and Gazol, Antonio and {S{\'a}nchez-Salguero}, Ra{\'u}l and {Dom{\'i}nguez-Castro}, Fernando and El Kenawy, Ahmed and {Beguer{\'i}a-Portug{\'e}s}, Santiago and Guti{\'e}rrez, Emilia and {\noopsort{luis}}{de Luis}, Martin and {Sang{\"u}esa-Barreda}, Gabriel and Novak, Klemen and Rozas, Vicente and T{\'i}scar, Pedro and Linares, Juan and {Mart{\'i}nez del Castillo}, Edurne and Ribas Matamoros, Montserrat and {Garc{\'i}a-Gonz{\'a}lez}, Ignacio and Silla, Fernando and Camis{\'o}n, {\'A}lvaro and G{\'e}nova, Mar and Olano, Jos{\'e} and Longares, Luis and Hevia, Andrea and Galv{\'a}n, J.},
	year         = 2018,
	journal      = {Forests},
	volume       = 9,
	number       = 9,
	pages        = 524,
	doi          = {10.3390/f9090524}
}
@article{Penuelasetal2001SevereDrought,
	title        = {Severe drought effects on {{Mediterranean}} woody {{Flora}} in {{Spain}}},
	author       = {Pe{\~n}uelas, Josep and Lloret, Francisco and Montoya, Ram{\'o}n},
	year         = 2001,
	journal      = {Forest Science},
	volume       = 47,
	number       = 2,
	pages        = {214--218}
}
@article{PereiraCooper2006GlobalMonitoring,
	title        = {Towards the global monitoring of biodiversity change},
	author       = {Pereira, Henrique M. and Cooper, D.H},
	journal      = {Trends in Ecology \& Evolution},
	volume       = 21,
	number       = 3,
	pages        = {123--129},
	doi          = {10.1016/j.tree.2005.10.015},
	url          = {https://www.sciencedirect.com/science/article/pii/S016953470500337X},
	date         = {2006-03-01}
}
@article{Pereiraetal2016SpatialInterpolation,
	title        = {Spatial interpolation of precipitation indexes in {{Sierra Nevada}} ({{Spain}}): comparing the performance of some interpolation methods},
	shorttitle   = {Spatial interpolation of precipitation indexes in {{Sierra Nevada}} ({{Spain}})},
	author       = {Pereira, Paulo and Oliva, Marc and Misiune, Ieva},
	year         = 2016,
	journal      = {Theoretical and Applied Climatology},
	volume       = 126,
	number       = {3-4},
	pages        = {683--698},
	doi          = {10.1007/s00704-015-1606-8},
	url          = {http://link.springer.com/10.1007/s00704-015-1606-8}
}
@article{PerezLuqueetal2014SinfonevadaDataset,
	title        = {Sinfonevada: {{Dataset}} of floristic diversity in {{Sierra Nevada}} forests ({{SE Spain}})},
	author       = {Pérez-Luque, Antonio Jesús and Bonet, Francisco Javier and Pérez-Pérez, Ramón and Aspizua, Rut and Lorite, Juan and Zamora, Regino},
	year         = 2014,
	journal      = {PhytoKeys},
	volume       = 35,
	pages        = {1--15},
	doi          = {10.3897/phytokeys.35.6363},
	url          = {https://doi.org/10.3897/phytokeys.35.6363}
}
@article{PerezLuqueetal2015DatasetMIGRAME,
	title        = {Dataset of {{MIGRAME}} project (global change, altitudinal range shift and colonization of degraded habitats in {{Mediterranean}} mountains)},
	author       = {{P{\'e}rez-Luque}, Antonio Jes{\'u}s and Zamora, Regino and Bonet, Francisco Javier and {P{\'e}rez-P{\'e}rez}, Ram{\'o}n},
	year         = 2015,
	journal      = {PhytoKeys},
	volume       = 56,
	pages        = {61--81},
	doi          = {10.3897/phytokeys.56.5482}
}
@article{PerezLuqueetal2015OntologicalSystem,
	title        = {An ontological system based on {{MODIS}} images to assess ecosystem functioning of {{Natura}} 2000 habitats: {{A}} case study for {{Quercus}} pyrenaica forests},
	author       = {{P{\'e}rez-Luque}, A.J. and {P{\'e}rez-P{\'e}rez}, R. and {Bonet-Garc{\'i}a}, F.J. and Maga{\~n}a, P.J.},
	year         = 2015,
	journal      = {International Journal of Applied Earth Observation and Geoinformation},
	volume       = 37,
	pages        = {142--151},
	doi          = {10.1016/j.jag.2014.09.003}
}
@misc{PerezLuqueetal2019MapEcosystems,
	title        = {Map of ecosystems types in {{Sierra Nevada}} mountain (southern {{Spain}})},
	author       = {Pérez-Luque, Antonio Jesus and Bonet-García, Francisco Javier and Zamora Rodríguez, Regino},
	year         = 2019,
	publisher    = {{PANGAEA}},
	doi          = {10.1594/PANGAEA.910176},
	url          = {https://doi.org/10.1594/PANGAEA.910176},
	type         = {data set}
}
@article{PerezLuqueetal2020LanduseLegacies,
	title        = {Land-use legacies and climate change as a double challenge to oak forest resilience: mismatches of geographical and ecological rear edges},
	shorttitle   = {Land-use legacies and climate change as a double challenge to oak forest resilience},
	author       = {Pérez-Luque, A. J. and Gea-Izquierdo, G. and Zamora, R.},
	year         = 2020,
	journal      = {Ecosystems},
	doi          = {10.1007/s10021-020-00547-y},
	url          = {https://doi.org/10.1007/s10021-020-00547-y}
}
@article{PerezPerezetal2012ModeleREnviromental,
	title        = {{{ModeleR}}: {{An}} enviromental model repository as knowledge base for experts},
	shorttitle   = {{{ModeleR}}},
	author       = {Pérez-Pérez, R. and Benito, B. M. and Bonet, F. J.},
	journal      = {Expert Systems with Applications},
	volume       = 39,
	number       = 9,
	pages        = {8396--8411},
	doi          = {10.1016/j.eswa.2012.01.180},
	url          = {https://www.sciencedirect.com/science/article/pii/S0957417412002084},
	date         = {2012-07-01}
}
@article{Petitetal2002IdentificationRefugia,
	title        = {Identification of refugia and post-glacial colonisation routes of {{European}} white oaks based on chloroplast {{DNA}} and fossil pollen evidence},
	author       = {Petit, Remy J and Brewer, Simon and Bordacs, Sandor and Burg, Kornel and Cheddadi, Rachid and Coart, Els and Cottrell, Joan and Csaikl, Ulrike M and van Dam, Barbara and Deans, John D and Espinel, Santiago and Fineschi, Silvia and Finkeldey, Reiner and Glaz, Izabela and Goicoechea, Pablo G and Jensen, Jan Svejgaard and Konig, Armin O and Lowe, Andrew J and Madsen, Søren Flemming and Matyas, Gabor and Munro, Robert C and Popescu, Flaviu and Slade, Danko and Tabbener, Helen and Ziegenhagen, Birgit and de Beaulieu, Jacques-Louis and Kremer, Antoine},
	year         = 2002,
	journal      = {Forest Ecology and Management},
	pages        = 26
}
@article{Pineiroetal2006SeasonalVariation,
	title        = {Seasonal {{Variation}} in {{Aboveground Production}} and {{Radiation}}-use {{Efficiency}} of {{Temperate}} rangelands {{Estimated}} through {{Remote Sensing}}},
	author       = {Piñeiro, Gervasio and Oesterheld, Martín and Paruelo, José M.},
	journal      = {Ecosystems},
	volume       = 9,
	number       = 3,
	pages        = {357--373},
	doi          = {10.1007/s10021-005-0013-x},
	url          = {https://doi.org/10.1007/s10021-005-0013-x},
	date         = {2006-04-01}
}
@article{Piovesanetal2008DroughtdrivenGrowth,
	title        = {Drought-driven growth reduction in old beech ({{Fagus}} sylvatica {{L}}.) forests of the central {{Apennines}}, {{Italy}}},
	author       = {Piovesan, Gianluca and Biondi, Franco and Filippo, Alfredo Di and Alessandrini, Alfredo and Maugeri, Maurizio},
	year         = 2008,
	journal      = {Global Change Biology},
	volume       = 14,
	number       = 6,
	pages        = {1265--1281},
	doi          = {10.1111/j.1365-2486.2008.01570.x}
}
@article{Pirononetal2015GeographicClimatic,
	title        = {Do geographic, climatic or historical ranges differentiate the performance of central versus peripheral populations?: {{The}} ‘centre-periphery hypothesis’: new perspectives},
	shorttitle   = {Do geographic, climatic or historical ranges differentiate the performance of central versus peripheral populations?},
	author       = {Pironon, Samuel and Villellas, Jesús and Morris, William F. and Doak, Daniel F. and García, María B.},
	year         = 2015,
	journal      = {Global Ecology and Biogeography},
	volume       = 24,
	number       = 6,
	pages        = {611--620},
	doi          = {10.1111/geb.12263},
	url          = {http://doi.wiley.com/10.1111/geb.12263}
}
@article{Pirononetal2017GeographicVariation,
	title        = {Geographic variation in genetic and demographic performance: new insights from an old biogeographical paradigm: {{The}} centre-periphery hypothesis},
	author       = {Pironon, Samuel and Papuga, Guillaume and Villellas, Jes{\'u}s and Angert, Amy L. and Garc{\'i}a, Mar{\'i}a B. and Thompson, John D.},
	year         = 2017,
	journal      = {Biological Reviews},
	volume       = 92,
	number       = 4,
	pages        = {1877--1909},
	doi          = {10.1111/brv.12313}
}
@article{PotterBrooks1998GlobalAnalysis,
	title        = {Global analysis of empirical relations between annual climate and seasonality of {{NDVI}}},
	author       = {Potter, C. S. and Brooks, V.},
	journal      = {International Journal of Remote Sensing},
	publisher    = {{Taylor \& Francis}},
	volume       = 19,
	number       = 15,
	pages        = {2921--2948},
	doi          = {10.1080/014311698214352},
	url          = {https://doi.org/10.1080/014311698214352},
	date         = {1998-01-01}
}
@article{Potteretal2013MicroclimaticChallenges,
	title        = {Microclimatic challenges in global change biology},
	author       = {Potter, Kristen A. and Arthur Woods, H. and Pincebourde, Sylvain},
	year         = 2013,
	journal      = {Global Change Biology},
	volume       = 19,
	number       = 10,
	pages        = {2932--2939},
	doi          = {10.1111/gcb.12257},
	url          = {http://doi.wiley.com/10.1111/gcb.12257}
}
@book{RCoreTeam2013LanguageEnvironment,
	title        = {R: {{A Language}} and {{Environment}} for {{Statistical Computing}}},
	author       = {{R Core Team}},
	location     = {{Vienna, Austria}},
	publisher    = {{R Foundation for Statistical Computing}},
	url          = {https://www.R-project.org/},
	date         = 2013
}
@book{RCoreTeam2017LanguageEnvironment,
	title        = {R: {{A Language}} and {{Environment}} for {{Statistical Computing}}},
	author       = {{R Core Team}},
	year         = 2017,
	location     = {{Vienna, Austria}},
	publisher    = {{R Foundation for Statistical Computing}},
	url          = {https://www.R-project.org/}
}
@book{RCoreTeam2019LanguageEnvironment,
	title        = {R: {{A}} language and environment for statistical computing},
	author       = {{R Core Team}},
	year         = 2019,
	location     = {{Vienna, Austria}},
	url          = {https://www.R-project.org/},
	organization = {{R Foundation for Statistical Computing}}
}
@book{Regato2008AdaptingGlobal,
	title        = {Adapting to global change: {{Mediterranean}} forests},
	author       = {Regato, Pedro},
	year         = 2008,
	location     = {{Málaga, Spain}},
	publisher    = {{IUCN-The World Conservation Union}},
	pagetotal    = 254
}
@article{Rehmetal2015LosingYour,
	title        = {Losing your edge: climate change and the conservation value of range-edge populations},
	author       = {Rehm, Evan M. and Olivas, Paulo and Stroud, James and Feeley, Kenneth J.},
	year         = 2015,
	journal      = {Ecology and Evolution},
	volume       = 5,
	number       = 19,
	pages        = {4315--4326},
	doi          = {10.1002/ece3.1645}
}
@article{RenearPalmer2009StrategicReading,
	title        = {Strategic {{Reading}}, {{Ontologies}}, and the {{Future}} of {{Scientific Publishing}}},
	author       = {Renear, Allen H. and Palmer, Carole L.},
	journal      = {Science},
	publisher    = {{American Association for the Advancement of Science}},
	volume       = 325,
	number       = 5942,
	pages        = {828--832},
	doi          = {10.1126/science.1157784},
	url          = {https://science.sciencemag.org/content/325/5942/828},
	date         = {2009-08-14},
	eprint       = 19679805,
	eprinttype   = {pmid}
}
@article{ReyesDiezetal2015ImplicacionesFiltrado,
	title        = {Implicaciones del filtrado de calidad del \'indice de vegetaci\'on {{EVI}} para el seguimiento funcional de ecosistemas},
	author       = {{Reyes-D{\'i}ez}, A. and {Alcaraz-Segura}, D. and {Cabello-Pi{\~n}ar}, J.},
	year         = 2015,
	journal      = {Revista de Teledeteccion},
	volume       = 2015,
	number       = 43,
	pages        = {11--29},
	doi          = {10.4995/raet.2015.3316}
}
@article{Rittgeretal2013AssessmentMethods,
	title        = {Assessment of methods for mapping snow cover from {{MODIS}}},
	author       = {Rittger, Karl and Painter, Thomas H. and Dozier, Jeff},
	journal      = {Advances in Water Resources},
	series       = {35th {{Year Anniversary Issue}}},
	volume       = 51,
	pages        = {367--380},
	doi          = {10.1016/j.advwatres.2012.03.002},
	url          = {https://www.sciencedirect.com/science/article/pii/S0309170812000516},
	date         = {2013-01-01}
}
@article{RodriguezSanchezetal2010TreeRange,
	title        = {Past tree range dynamics in the {{Iberian Peninsula}} inferred through phylogeography and palaeodistribution modelling: {{A}} review},
	author       = {Rodríguez-Sánchez, Francisco and Hampe, Arndt and Jordano, Pedro and Arroyo, Juan},
	year         = 2010,
	journal      = {Review of Palaeobotany and Palynology},
	volume       = 162,
	number       = 3,
	pages        = {507--521},
	doi          = {10.1016/j.revpalbo.2010.03.008}
}
@manual{rstatix,
	title        = {rstatix: Pipe-Friendly Framework for Basic Statistical Tests},
	author       = {Alboukadel Kassambara},
	year         = 2020,
	url          = {https://CRAN.R-project.org/package=rstatix},
	note         = {R package version 0.6.0}
}
@article{RubinoMcCarthy2004ComparativeAnalysis,
	title        = {Comparative analysis of dendroecological methods used to assess disturbance events},
	author       = {Rubino, D. L. and McCarthy, B. C.},
	year         = 2004,
	journal      = {Dendrochronologia},
	volume       = 21,
	number       = 3,
	pages        = {97--115},
	doi          = {10.1078/1125.7865.00047}
}
@article{RuizBenitoetal2013PatternsDrivers,
	title        = {Patterns and drivers of tree mortality in iberian forests: climatic effects are modified by competition},
	author       = {Ruiz-Benito, Paloma and Lines, Emily R. and Gómez-Aparicio, Lorena and Zavala, Miguel A. and Coomes, David A.},
	year         = 2013,
	journal      = {PLoS ONE},
	volume       = 8,
	number       = 2,
	pages        = {e56843},
	doi          = {10.1371/journal.pone.0056843},
	url          = {https://doi.org/10.1371/journal.pone.0056843}
}
@article{RuizLabourdetteetal2011EquilibriumVegetation,
	title        = {Equilibrium of vegetation and climate at the {{European}} rear edge. {{A}} reference for climate change planning in mountainous {{Mediterranean}} regions},
	author       = {Ruiz-Labourdette, Diego and Martínez, Felipe and Martín-López, Berta and Montes, Carlos and Pineda, Francisco D.},
	year         = 2011,
	journal      = {International Journal of Biometeorology},
	volume       = 55,
	number       = 3,
	pages        = {285--301},
	doi          = {10.1007/s00484-010-0334-0},
	url          = {http://link.springer.com/10.1007/s00484-010-0334-0}
}
@article{RuizLabourdetteetal2011ForestComposition,
	title        = {Forest composition in {{Mediterranean}} mountains is projected to shift along the entire elevational gradient under climate change},
	author       = {Ruiz-Labourdette, Diego and Nogués-Bravo, David and Ollero, Helios Sáinz and Schmitz, Maŕıa F. and Pineda, Francisco D.},
	year         = 2011,
	journal      = {Journal of Biogeography},
	volume       = 39,
	number       = 1,
	pages        = {162--176},
	doi          = {10.1111/j.1365-2699.2011.02592.x}
}
@article{RuizLabourdetteetal2013ChangesTree,
	title        = {Changes in tree species composition in {{Mediterranean}} mountains under climate change: {{Indicators}} for conservation planning},
	author       = {Ruiz-Labourdette, Diego and Schmitz, Maŕıa Fe and Pineda, Francisco D.},
	year         = 2013,
	journal      = {Ecological Indicators},
	volume       = 24,
	pages        = {310--323},
	doi          = {10.1016/j.ecolind.2012.06.021},
	url          = {https://doi.org/10.1016/j.ecolind.2012.06.021}
}
@article{Runningetal2004ContinuousSatelliteDerived,
	title        = {A {{Continuous Satellite}}-{{Derived Measure}} of {{Global Terrestrial Primary Production}}},
	author       = {Running, Steven W. and Nemani, Ramakrishna R. and Heinsch, Faith Ann and Zhao, Maosheng and Reeves, Matt and Hashimoto, Hirofumi},
	journal      = {BioScience},
	volume       = 54,
	number       = 6,
	pages        = {547--560},
	doi          = {10.1641/0006-3568(2004)054[0547:ACSMOG]2.0.CO;2},
	url          = {https://doi.org/10.1641/0006-3568(2004)054[0547:ACSMOG]2.0.CO;2},
	date         = 2004
}
@article{SagarinGaines2002AbundantCentre,
	title        = {The `abundant centre' distribution: to what extent is it a biogeographical rule?},
	author       = {Sagarin, Raphael D. and Gaines, Steven D.},
	year         = 2002,
	journal      = {Ecology Letters},
	volume       = 5,
	number       = 1,
	pages        = {137--147},
	doi          = {10.1046/j.1461-0248.2002.00297.x}
}
@article{Salaetal2000GlobalBiodiversity,
	title        = {Global biodiversity scenarios for the year 2100},
	author       = {Sala, Osvaldo E. and Stuart Chapin, F.III and Armesto, Juan J. and Berlow, Eric and Berlow, Eric and Dirzo, Rodolfo and {Huber-Sanwald}, Elisabeth and Huenneke, Laura F. and Jackson, Robert B. and Kinzig, Ann and Leemans, Rik and Lodge, David M. and Mooney, Harold A. and Oesterheld, Mart{\'\i}n and Poff, N. LeRoy and Sykes, Martin T. and Walker, Brian H. and Walker, Marilyn and Wall, Diana H.},
	year         = 2000,
	journal      = {Science},
	volume       = 287,
	number       = 5459,
	pages        = 1770,
	doi          = {10.1126/science.287.5459.1770}
}
@article{SalomonsonAppel2006DevelopmentAqua,
	title        = {Development of the {{Aqua MODIS NDSI}} fractional snow cover algorithm and validation results},
	author       = {Salomonson, V. V. and Appel, I.},
	journal      = {IEEE Transactions on Geoscience and Remote Sensing},
	volume       = 44,
	number       = 7,
	pages        = {1747--1756},
	doi          = {10.1109/TGRS.2006.876029},
	date         = {2006-07},
	eventtitle   = {{{IEEE Transactions}} on {{Geoscience}} and {{Remote Sensing}}}
}
@article{Salzeretal2009RecentUnprecedented,
	title        = {Recent unprecedented tree-ring growth in bristlecone pine at the highest elevations and possible causes},
	author       = {Salzer, M. W. and Hughes, M. K. and Bunn, A. G. and Kipfmueller, K. F.},
	year         = 2009,
	journal      = {Proceedings of the National Academy of Sciences},
	volume       = 106,
	number       = 48,
	pages        = {20348--20353},
	doi          = {10.1073/pnas.0903029106}
}
@article{Samantaetal2012InterpretationVariations,
	title        = {Interpretation of variations in {{MODIS}}-measured greenness levels of {{Amazon}} forests during 2000 to 2009},
	author       = {Samanta, Arindam and Ganguly, Sangram and Vermote, Eric and Nemani, Ramakrishna R. and Myneni, Ranga B.},
	year         = 2012,
	journal      = {Environmental Research Letters},
	volume       = 7,
	number       = 2,
	pages        = {024018}
}
@article{SanchezdeDiosetal2009PresentFuture,
	title        = {Present and future extension of the {{Iberian}} submediterranean territories as determined from the distribution of marcescent oaks},
	author       = {Sánchez de Dios, Rut and Benito-Garzón, Marta and Sainz-Ollero, Helios},
	year         = 2009,
	journal      = {Plant Ecology},
	volume       = 204,
	number       = 2,
	pages        = {189--205},
	doi          = {10.1007/s11258-009-9584-5},
	url          = {https://doi.org/10.1007/s11258-009-9584-5}
}
@article{SanchezdeDiosetal2020FagusSylvatica,
	title        = {Fagus sylvatica {{L}}. peripheral populations in the mediterranean iberian peninsula: climatic or anthropic relicts?},
	author       = {{S{\'a}nchez de Dios}, Rut and G{\'o}mez, Cristina and Aull{\'o}, Isabel and Ca{\~n}ellas, Isabel and {Gea-Izquierdo}, Guillermo and Montes, Fernando and {Sainz-Ollero}, Helios and Vel{\'a}zquez, Juan Carlos and Hern{\'a}ndez, Laura},
	year         = 2020,
	journal      = {Ecosystems},
	doi          = {10.1007/s10021-020-00513-8}
}
@article{SanchezSalgueroetal2012DroughtMain,
	title        = {Is drought the main decline factor at the rear edge of {{Europe}}? {{The}} case of southern {{Iberian}} pine plantations},
	author       = {{S{\'a}nchez-Salguero}, Ra{\'u}l and {Navarro-Cerrillo}, Rafael M. and Swetnam, Thomas W. and Zavala, Miguel A.},
	year         = 2012,
	journal      = {Forest Ecology and Management},
	volume       = 271,
	pages        = {158--169},
	doi          = {10.1016/j.foreco.2012.01.040}
}
@article{Sarkaretal2011LinkedData,
	title        = {Linked {{Data Generation}} for the {{University Data From Legacy Database}}},
	author       = {Sarkar, Arup and Marjit, Ujjal and Biswas, Utpal},
	journal      = {International journal of Web \& Semantic Technology},
	volume       = 2,
	number       = 3,
	pages        = {21--31},
	doi          = {10.5121/ijwest.2011.2302},
	url          = {http://www.airccse.org/journal/ijwest/papers/2311ijwest02.pdf},
	date         = {2011-07-31}
}
@article{Scherreretal2004TrendsSwiss,
	title        = {Trends in {{Swiss Alpine}} snow days: {{The}} role of local- and large-scale climate variability},
	shorttitle   = {Trends in {{Swiss Alpine}} snow days},
	author       = {Scherrer, Simon C. and Appenzeller, Christof and Laternser, Martin},
	journal      = {Geophysical Research Letters},
	volume       = 31,
	number       = 13,
	doi          = {10.1029/2004GL020255},
	url          = {https://agupubs.onlinelibrary.wiley.com/doi/abs/10.1029/2004GL020255},
	date         = 2004
}
@article{Schroteretal2005EcosystemService,
	title        = {Ecosystem {{Service Supply}} and {{Vulnerability}} to {{Global Change}} in {{Europe}}},
	author       = {Schröter, Dagmar and Cramer, Wolfgang and Leemans, Rik and Prentice, I. Colin and Araújo, Miguel B. and Arnell, Nigel W. and Bondeau, Alberte and Bugmann, Harald and Carter, Timothy R. and Gracia, Carlos A. and de la Vega-Leinert, Anne C. and Erhard, Markus and Ewert, Frank and Glendining, Margaret and House, Joanna I. and Kankaanpää, Susanna and Klein, Richard J. T. and Lavorel, Sandra and Lindner, Marcus and Metzger, Marc J. and Meyer, Jeannette and Mitchell, Timothy D. and Reginster, Isabelle and Rounsevell, Mark and Sabaté, Santi and Sitch, Stephen and Smith, Ben and Smith, Jo and Smith, Pete and Sykes, Martin T. and Thonicke, Kirsten and Thuiller, Wilfried and Tuck, Gill and Zaehle, Sönke and Zierl, Bärbel},
	year         = 2005,
	journal      = {Science},
	volume       = 310,
	number       = 5752,
	pages        = {1333--1337},
	doi          = {10.1126/science.1115233}
}
@article{Schwarzetal2020QuantifyingGrowth,
	title        = {Quantifying growth responses of trees to drought\textemdash a critique of commonly used resilience indices and recommendations for future studies},
	author       = {Schwarz, Julia and Skiadaresis, Georgios and Kohler, Martin and Kunz, J{\"o}rg and Schnabel, Florian and Vitali, Valentina and Bauhus, J{\"u}rgen},
	year         = 2020,
	journal      = {Current Forestry Reports},
	doi          = {10.1007/s40725-020-00119-2}
}
@article{Sellersetal1992CanopyReflectance,
	title        = {Canopy reflectance, photosynthesis, and transpiration. {{III}}. {{A}} reanalysis using improved leaf models and a new canopy integration scheme.},
	author       = {Sellers, P. J. and Berry, J. A. and Collatz, G. J. and Field, C. B. and Hall, F. G.},
	journal      = {Remote Sensing of Environment},
	volume       = 42,
	number       = 3,
	pages        = {187--216},
	doi          = {10.1016/0034-4257(92)90102-P},
	url          = {https://www.sciencedirect.com/science/article/pii/003442579290102P},
	date         = {1992-12-01}
}
@article{Sellersetal1996RevisedLand,
	title        = {A {{Revised Land Surface Parameterization}} ({{SiB2}}) for {{Atmospheric GCMs}}. {{Part I}}: {{Model Formulation}}},
	shorttitle   = {A {{Revised Land Surface Parameterization}} ({{SiB2}}) for {{Atmospheric GCMs}}. {{Part I}}},
	author       = {Sellers, P. J. and Randall, D. A. and Collatz, G. J. and Berry, J. A. and Field, C. B. and Dazlich, D. A. and Zhang, C. and Collelo, G. D. and Bounoua, L.},
	journal      = {Journal of Climate},
	publisher    = {{American Meteorological Society}},
	volume       = 9,
	number       = 4,
	pages        = {676--705},
	date         = 1996,
	eprint       = 26201333,
	eprinttype   = {jstor}
}
@article{SerraDiazetal2015DisturbanceClimate,
	title        = {Disturbance and climate microrefugia mediate tree range shifts during climate change},
	author       = {{Serra-Diaz}, Josep M. and Scheller, Robert M. and Syphard, Alexandra D. and Franklin, Janet},
	year         = 2015,
	journal      = {Landscape Ecology},
	volume       = 30,
	number       = 6,
	pages        = {1039--1053},
	doi          = {10.1007/s10980-015-0173-9}
}
@article{Sextonetal2009EvolutionEcology,
	title        = {Evolution and ecology of species range limits},
	author       = {Sexton, Jason P. and McIntyre, Patrick J. and Angert, Amy L. and Rice, Kevin J.},
	year         = 2009,
	journal      = {Annual Review of Ecology, Evolution, and Systematics},
	volume       = 40,
	number       = 1,
	pages        = {415--436},
	doi          = {10.1146/annurev.ecolsys.110308.120317}
}
@inproceedings{Silvaetal2005MiningPatterns,
	title        = {Mining patterns of change in remote sensing image databases},
	author       = {Silva, M. P. S. and Camara, G. and Souza, R. C. M. and Valeriano, D. M. and Escada, M. I. S.},
	booktitle    = {Fifth {{IEEE International Conference}} on {{Data Mining}} ({{ICDM}}'05)},
	pages        = {8 pp.-},
	doi          = {10.1109/ICDM.2005.98},
	date         = {2005-11},
	eventtitle   = {Fifth {{IEEE International Conference}} on {{Data Mining}} ({{ICDM}}'05)}
}
@online{SimulationMultidimensional,
	title        = {Simulation of multidimensional community patterns: towards a comprehensive model | {{SpringerLink}}},
	url          = {https://link.springer.com/article/10.1007/BF00039167},
	urlyear      = {2019-07-18}
}
@online{Smithetal2004OWLWeb,
	title        = {{{OWL}} web ontology language},
	author       = {Smith, MK and Welty, C and McGuinness, DL},
	url          = {http://www.w3.org/TR/owl-guide/},
	date         = 2004
}
@online{SpeciesPersistence,
	title        = {Species persistence in northerly glacial refugia of {{Europe}}: a matter of chance or biogeographical traits? - {{Bhagwat}} - 2008 - {{Journal}} of {{Biogeography}} - {{Wiley Online Library}}},
	url          = {https://onlinelibrary.wiley.com/doi/10.1111/j.1365-2699.2007.01861.x},
	urlyear      = {2019-07-22}
}
@incollection{SpehnKorner2009MountainLaboratory,
	title        = {The “{{Mountain Laboratory}}”of {{Nature}}—{{A Largely Unexplored Mine}} of {{Information Synthesis}} of the {{Book}}},
	author       = {Spehn, Eva and Korner, Christian},
	year         = 2009,
	booktitle    = {Data {{Mining}} for {{Global Trends}} in {{Mountain Biodiversity}}},
	publisher    = {{CRC Press}},
	pages        = {165--169},
	doi          = {10.1201/9781420083705.ch16},
	url          = {http://www.crcnetbase.com/doi/10.1201/9781420083705.ch16},
	editor       = {Spehn, Eva and Korner, Christian}
}
@article{Spinonietal2015EuropeanDrought,
	title        = {European drought climatologies and trends based on a multi-indicator approach},
	author       = {Spinoni, Jonathan and Naumann, Gustavo and Vogt, J{\"u}rgen and Barbosa, Paulo},
	year         = 2015,
	journal      = {Global and Planetary Change},
	volume       = 127,
	pages        = {50--57},
	doi          = {10.1016/j.gloplacha.2015.01.012}
}
@article{Spinonietal2018WillDrought,
	title        = {Will drought events become more frequent and severe in {{Europe}}?},
	author       = {Spinoni, Jonathan and Vogt, J{\"u}rgen V. and Naumann, Gustavo and Barbosa, Paulo and Dosio, Alessandro},
	year         = 2018,
	journal      = {International Journal of Climatology},
	volume       = 38,
	number       = 4,
	pages        = {1718--1736},
	doi          = {10.1002/joc.5291}
}
@article{Staggeetal2017ObservedDrought,
	title        = {Observed drought indices show increasing divergence across {{Europe}}},
	author       = {Stagge, James H and Kingston, Daniel G and Tallaksen, Lena M and Hannah, David M},
	year         = 2017,
	journal      = {Scientific Reports},
	volume       = 7,
	number       = 1,
	pages        = 14045
}
@article{SuriHofierka2004NewGISbased,
	title        = {A {{New GIS}}-based {{Solar Radiation Model}} and {{Its Application}} to {{Photovoltaic Assessments}}},
	author       = {Šúri, Marcel and Hofierka, Jaroslav},
	year         = 2004,
	journal      = {Transactions in GIS},
	volume       = 8,
	number       = 2,
	pages        = {175--190},
	doi          = {10.1111/j.1467-9671.2004.00174.x},
	url          = {https://onlinelibrary.wiley.com/doi/abs/10.1111/j.1467-9671.2004.00174.x}
}
@article{Tarregaetal2006ForestStructure,
	title        = {Forest structure and understory diversity in {{Quercus}} pyrenaica communities with different human uses and disturbances},
	author       = {Tárrega, Reyes and Calvo, Leonor and Marcos, Elena and Taboada, Angela},
	year         = 2006,
	journal      = {Forest Ecology and Management},
	volume       = 227,
	number       = {1-2},
	pages        = {50--58},
	doi          = {10.1016/j.foreco.2006.02.008},
	url          = {https://linkinghub.elsevier.com/retrieve/pii/S0378112706001009}
}
@article{Tessieretal1994DeciduousQuercus,
	title        = {Deciduous {{Quercus}} in the {{Mediterranean}} region: tree-ring/climate relationships},
	author       = {Tessier, L. and Nola, P. and Serre-Bachet, F.},
	year         = 1994,
	journal      = {New Phytologist},
	volume       = 126,
	pages        = {355--367}
}
@article{tidyverse,
	title        = {Welcome to the {tidyverse}},
	author       = {Hadley Wickham and Mara Averick and Jennifer Bryan and Winston Chang and Lucy D'Agostino McGowan and Romain François and Garrett Grolemund and Alex Hayes and Lionel Henry and Jim Hester and Max Kuhn and Thomas Lin Pedersen and Evan Miller and Stephan Milton Bache and Kirill Müller and Jeroen Ooms and David Robinson and Dana Paige Seidel and Vitalie Spinu and Kohske Takahashi and Davis Vaughan and Claus Wilke and Kara Woo and Hiroaki Yutani},
	year         = 2019,
	journal      = {Journal of Open Source Software},
	volume       = 4,
	number       = 43,
	pages        = 1686,
	doi          = {10.21105/joss.01686}
}
@article{Titoetal2020MountainEcosystems,
	title        = {Mountain {{Ecosystems}} as {{Natural Laboratories}} for {{Climate Change Experiments}}},
	author       = {Tito, Richard and Vasconcelos, Heraldo L. and Feeley, Kenneth J.},
	year         = 2020,
	journal      = {Frontiers in Forests and Global Change},
	volume       = 3,
	pages        = 38,
	doi          = {10.3389/ffgc.2020.00038},
	url          = {https://www.frontiersin.org/article/10.3389/ffgc.2020.00038/full},
	urlyear      = {2020-09-22}
}
@incollection{Trigoetal2013RecordWinter,
	title        = {The record winter drought of 2011-12 in the {{Iberian Peninsula}}},
	author       = {Trigo, R M and A{\~n}el, J A and Barriopedro, David and {Garc{\'i}a-Herrera}, Ricardo and Gimeno, L and Castillo, R and Allen, M R and Massey, A},
	year         = 2013,
	month        = oct,
	booktitle    = {Explaining {{Extreme Events}} of 2012 from a {{Climate Perspective}}},
	volume       = 94,
	pages        = {S41--S45},
	editor       = {Peterson, T.C and Hoerling, M.P. and Stott, P.A. and Herring, S.}
}
@article{Trujilloetal2012ElevationdependentInfluence,
	title        = {Elevation-dependent influence of snow accumulation on forest greening},
	author       = {Trujillo, Ernesto and Molotch, Noah P. and Goulden, Michael L. and Kelly, Anne E. and Bales, Roger C.},
	journal      = {Nature Geoscience},
	publisher    = {{Nature Publishing Group}},
	volume       = 5,
	number       = 10,
	pages        = {705--709},
	doi          = {10.1038/ngeo1571},
	url          = {https://www.nature.com/articles/ngeo1571},
	date         = {2012-10},
	issue        = 10
}
@article{Tuckeretal1985AfricanLandCover,
	title        = {African {{Land}}-{{Cover Classification Using Satellite Data}}},
	author       = {Tucker, Compton J. and Townshend, John R. G. and Goff, Thomas E.},
	journal      = {Science},
	publisher    = {{American Association for the Advancement of Science}},
	volume       = 227,
	number       = 4685,
	pages        = {369--375},
	doi          = {10.1126/science.227.4685.369},
	url          = {https://science.sciencemag.org/content/227/4685/369},
	date         = {1985-01-25},
	eprint       = 17815712,
	eprinttype   = {pmid}
}
@article{Turneretal2006EvaluationMODIS,
	title        = {Evaluation of {{MODIS NPP}} and {{GPP}} products across multiple biomes},
	author       = {Turner, David P. and Ritts, William D. and Cohen, Warren B. and Gower, Stith T. and Running, Steve W. and Zhao, Maosheng and Costa, Marcos H. and Kirschbaum, Al A. and Ham, Jay M. and Saleska, Scott R. and Ahl, Douglas E.},
	journal      = {Remote Sensing of Environment},
	volume       = 102,
	number       = 3,
	pages        = {282--292},
	doi          = {10.1016/j.rse.2006.02.017},
	url          = {https://www.sciencedirect.com/science/article/pii/S0034425706000873},
	date         = {2006-06-15}
}
@article{Urbietaetal2008SoilWater,
	title        = {Soil water content and emergence time control seedling establishment in three co-occurring {{Mediterranean}} oak species},
	author       = {Urbieta, Itziar R. and Pérez-Ramos, Ignacio M. and Zavala, Miguel A. and Marañón, Teodoro and Kobe, Richard K.},
	year         = 2008,
	journal      = {Canadian Journal of Forest Research},
	volume       = 38,
	number       = 9,
	pages        = {2382--2393},
	doi          = {10.1139/X08-089},
	url          = {http://www.nrcresearchpress.com/doi/10.1139/X08-089}
}
@article{Urbietaetal2011MediterraneanPine,
	title        = {Mediterranean pine and oak distribution in southern {{Spain}}: {{Is}} there a mismatch between regeneration and adult distribution?},
	author       = {Urbieta, Itziar R. and Garćıa, Lúıs V. and Zavala, Miguel A. and Marañón, Teodoro},
	year         = 2011,
	journal      = {Journal of Vegetation Science},
	volume       = 22,
	number       = 1,
	pages        = {18--31},
	doi          = {10.1111/j.1654-1103.2010.01222.x}
}
@article{ValbuenaCarabanaetal2005GeneFlow,
	title        = {Gene flow and hybridisation in a mixed oak forest ({{Quercus}} pyrenaica {{Willd}}. and {{Quercus}} petraea ({{Matts}}.) {{Liebl}}.) in central {{Spain}}},
	author       = {Valbuena-Carabaña, M and González-Martínez, S C and Sork, V L and Collada, C and Soto, A and Goicoechea, P G and Gil, L},
	journal      = {Heredity},
	volume       = 95,
	number       = 6,
	pages        = {457--465},
	doi          = {10.1038/sj.hdy.6800752},
	date         = 2005
}
@incollection{ValbuenaCarabanaGil2011EvaluacionEstructura,
	title        = {Evaluación de la estructura genética de poblaciones marginales de Quercus Pyrenaica Willd. y su evolución. Implicaciones para la conservación de sus recursos genéticos},
	author       = {Valbuena-Carabaña, Maria and Gil, L.},
	year         = 2011,
	booktitle    = {Proyectos de investigación en parques nacionales, 2007-2010},
	location     = {{Madrid}},
	publisher    = {{Organismo Autónomo Parques Nacionales (Spain)}},
	series       = {Naturaleza y parques nacionales. Serie Investigación en la red},
	pages        = {175--204},
	editor       = {Ramírez, Lucía and Asensio, Benigno}
}
@article{ValbuenaCarabanaGil2013GeneticResilience,
	title        = {Genetic resilience in a historically profited root sprouting oak ({{Quercus}} pyrenaica {{Willd}}.) at its southern boundary},
	author       = {{Valbuena-Caraba{\~n}a}, Mar{\'i}a and Gil, Luis},
	year         = 2013,
	journal      = {Tree Genetics \& Genomes},
	volume       = 9,
	number       = 5,
	pages        = {1129--1142},
	doi          = {10.1007/s11295-013-0614-z}
}
@article{ValbuenaCarabanaGil2017CentenaryCoppicing,
	title        = {Centenary coppicing maintains high levels of genetic diversity in a root resprouting oak ({{Quercus}} pyrenaica {{Willd}}.)},
	author       = {{Valbuena-Caraba{\~n}a}, Mar{\'i}a and Gil, Luis},
	year         = 2017,
	journal      = {Tree Genetics \& Genomes},
	volume       = 13,
	number       = 1,
	pages        = 28,
	doi          = {10.1007/s11295-017-1105-4},
	ids          = {ValbuenaCarabanaGil2017CentenaryCoppicinga}
}
@article{VandenBorreetal2011IntegratingRemote,
	title        = {Integrating remote sensing in {{Natura}} 2000 habitat monitoring: {{Prospects}} on the way forward},
	shorttitle   = {Integrating remote sensing in {{Natura}} 2000 habitat monitoring},
	author       = {Vanden Borre, Jeroen and Paelinckx, Desiré and Mücher, Caspar A. and Kooistra, Lammert and Haest, Birgen and De Blust, Geert and Schmidt, Anne M.},
	journal      = {Journal for Nature Conservation},
	volume       = 19,
	number       = 2,
	pages        = {116--125},
	doi          = {10.1016/j.jnc.2010.07.003},
	url          = {https://www.sciencedirect.com/science/article/pii/S1617138110000567},
	date         = {2011-05-01}
}
@article{VargasRodriguezPlatt2012RemnantSugar,
	title        = {Remnant sugar maple ({{Acer}} saccharum subsp. skutchii) populations at their range edge: {{Characteristics}}, environmental constraints and conservation implications in tropical {{America}}},
	shorttitle   = {Remnant sugar maple ({{Acer}} saccharum subsp. skutchii) populations at their range edge},
	author       = {Vargas-Rodriguez, Yalma L. and Platt, William J.},
	year         = 2012,
	journal      = {Biological Conservation},
	volume       = 150,
	number       = 1,
	pages        = {111--120},
	doi          = {10.1016/j.biocon.2012.03.006},
	url          = {https://linkinghub.elsevier.com/retrieve/pii/S0006320712001498}
}
@manual{vegan,
	title        = {vegan: Community Ecology Package},
	author       = {Jari Oksanen and F. Guillaume Blanchet and Michael Friendly and Roeland Kindt and Pierre Legendre and Dan McGlinn and Peter R. Minchin and R. B. O'Hara and Gavin L. Simpson and Peter Solymos and M. Henry H. Stevens and Eduard Szoecs and Helene Wagner},
	year         = 2019,
	url          = {https://CRAN.R-project.org/package=vegan},
	note         = {R package version 2.5-6}
}
@article{VicenteSerranoetal2010MultiscalarDrought,
	title        = {A multiscalar drought index sensitive to global warming: the {{Standardized Precipitation Evapotranspiration Index}}},
	author       = {{Vicente-Serrano}, Sergio M. and Beguer{\'i}a, Santiago and {L{\'o}pez-Moreno}, Juan I.},
	year         = 2010,
	journal      = {Journal of Climate},
	volume       = 23,
	number       = 7,
	pages        = {1696--1718},
	doi          = {10.1175/2009JCLI2909.1}
}
@article{VicenteSerranoetal2013ResponseVegetation,
	title        = {Response of vegetation to drought time-scales across global land biomes},
	author       = {{Vicente-Serrano}, Sergio M. and Gouveia, C{\'e}lia and Camarero, Jes{\'u}s Julio and Beguer{\'i}a, Santiago and Trigo, Ricardo and {L{\'o}pez-Moreno}, Juan I. and {Azor{\'i}n-Molina}, C{\'e}sar and Pasho, Edmond and {Lorenzo-Lacruz}, Jorge and Revuelto, Jes{\'u}s and {Mor{\'a}n-Tejeda}, Enrique and {Sanchez-Lorenzo}, Arturo},
	year         = 2013,
	journal      = {Proceedings of the National Academy of Sciences},
	volume       = 110,
	number       = 1,
	pages        = {52--57},
	doi          = {10.1073/pnas.1207068110}
}
@article{VicenteSerranoetal2014EvidenceIncreasing,
	title        = {Evidence of increasing drought severity caused by temperature rise in southern {{Europe}}},
	author       = {{Vicente-Serrano}, Sergio M and {L{\'o}pez-Moreno}, Juan I and Beguer{\'i}a, Santiago and {Lorenzo-Lacruz}, Jorge and {Sanchez-Lorenzo}, Arturo and {Garc{\'i}a-Ruiz}, Jos{\'e} M and {Azor{\'i}n-Molina}, C{\'e}sar and {Mor{\'a}n-Tejeda}, Enrique and Revuelto, Jes{\'u}s and Trigo, Ricardo and Coelho, Fatima and Espejo, Francisco},
	year         = 2014,
	journal      = {Environmental Research Letters},
	volume       = 9,
	number       = 4,
	pages        = {044001}
}
@article{VilaCabreraetal2011StructuralClimatic,
	title        = {Structural and climatic determinants of demographic rates of {{Scots}} pine forests across the {{Iberian Peninsula}}},
	author       = {{Vil{\`a}-Cabrera}, Albert and {Mart{\'i}nez-Vilalta}, Jordi and Vayreda, Jordi and Retana, Javier},
	year         = 2011,
	journal      = {Ecological Applications},
	volume       = 21,
	number       = 4,
	pages        = {1162--1172},
	doi          = {10.1890/10-0647.1}
}
@article{VilaCabreraetal2017NewForests,
	title        = {``{{New}} forests'' from the twentieth century are a relevant contribution for {{C}} storage in the {{Iberian Peninsula}}},
	author       = {{Vil{\`a}-Cabrera}, Albert and Espelta, Josep Maria and Vayreda, Jordi and Pino, Joan},
	year         = 2017,
	journal      = {Ecosystems},
	volume       = 20,
	number       = 1,
	pages        = {130--143},
	doi          = {10.1007/s10021-016-0019-6}
}
@article{VilaCabreraetal2019RefiningPredictions,
	title        = {Refining predictions of population decline at species' rear edges},
	author       = {Vil{\`a}-Cabrera, Albert and Premoli, Andrea C. and Jump, Alistair S.},
	year         = 2019,
	journal      = {Global Change Biology},
	volume       = 25,
	number       = 5,
	pages        = {1549--1560},
	doi          = {10.1111/gcb.14597}
}
@article{VilaCabreraJump2019GreaterGrowth,
	title        = {Greater growth stability of trees in marginal habitats suggests a patchy pattern of population loss and retention in response to increased drought at the rear edge: {{Tree}} growth responses at the rear edge},
	author       = {{Vil{\`a}-Cabrera}, Albert and Jump, Alistair S.},
	year         = 2019,
	journal      = {Ecology Letters},
	volume       = 22,
	number       = 9,
	pages        = {1439--1448},
	doi          = {10.1111/ele.13329},
	editor       = {Coulson, Tim}
}
@article{Virtanenetal2006BroadScale,
	title        = {Broad‐scale vegetation‐environment relationships in {{Eurasian}} high‐latitude areas},
	author       = {Virtanen, Risto and Oksanen, Jari and Oksanen, Lauri and Razzhivin, Vladimir Yu},
	year         = 2006,
	journal      = {Journal of Vegetation Science},
	volume       = 17,
	number       = 4,
	pages        = {519--528},
	doi          = {10.1111/j.1654-1103.2006.tb02473.x},
	url          = {https://onlinelibrary.wiley.com/doi/abs/10.1111/j.1654-1103.2006.tb02473.x}
}
@incollection{Viveroetal2000QuercusPyrenaica,
	title        = {\emph{Q}uercus pyrenaica {{Willd}}.},
	author       = {Vivero, J. and Prados, J. and Hernández-Bermejo, J.},
	year         = 2000,
	booktitle    = {Libro rojo de la flora silvestre amenzada de {{Andalucía}}. {{II}}. {{Especies}} vulnerables},
	location     = {{Sevilla}},
	publisher    = {{Consejería de Medio Ambiente, Junta de Andalucía}},
	pages        = {303--306},
	editor       = {Blanca, G. and Cabezudo, B. and Hernández-Bermejo, J. and Herrera, C. and Muñoz, J. and Valdés, B.}
}
@online{W3C2013LargeTriple,
	title        = {Large triple stores},
	author       = {W3C},
	url          = {http://www.w3.org/wiki/LargeTripleStores},
	date         = 2013
}
@article{Wangetal2004ComparisonIKONOS,
	title        = {Comparison of {{IKONOS}} and {{QuickBird}} images for mapping mangrove species on the {{Caribbean}} coast of {{Panama}}},
	author       = {Wang, Le and Sousa, Wayne P. and Gong, Peng and Biging, Gregory S.},
	journal      = {Remote Sensing of Environment},
	volume       = 91,
	number       = 3,
	pages        = {432--440},
	doi          = {10.1016/j.rse.2004.04.005},
	url          = {https://www.sciencedirect.com/science/article/pii/S0034425704001129},
	date         = 2004
}
@article{WangXie2009NewMethods,
	title        = {New methods for studying the spatiotemporal variation of snow cover based on combination products of {{MODIS Terra}} and {{Aqua}}},
	author       = {Wang, Xianwei and Xie, Hongjie},
	journal      = {Journal of Hydrology},
	volume       = 371,
	number       = 1,
	pages        = {192--200},
	doi          = {10.1016/j.jhydrol.2009.03.028},
	url          = {https://www.sciencedirect.com/science/article/pii/S0022169409001966},
	date         = {2009-06-05}
}
@article{WiegandGarcia2007TaskBasedOntology,
	title        = {A {{Task}}-{{Based Ontology Approach}} to {{Automate Geospatial Data Retrieval}}},
	author       = {Wiegand, Nancy and García, Cassandra},
	journal      = {Transactions in GIS},
	volume       = 11,
	number       = 3,
	pages        = {355--376},
	doi          = {10.1111/j.1467-9671.2007.01050.x},
	url          = {https://onlinelibrary.wiley.com/doi/abs/10.1111/j.1467-9671.2007.01050.x},
	date         = 2007
}
@book{Wilcox2012IntroductionRobust,
	title        = {Introduction to {{Robust Estimation}} and {{Hypothesis Testing}}},
	author       = {Wilcox, Rand},
	year         = 2012,
	publisher    = {{Academic Press}},
	edition      = {Third Edition}
}
@article{Wilkinsonetal2004EfficientRDFa,
	title        = {Efficient {{RDF}} storage and retrieval in jena2},
	author       = {Wilkinson, Kevin and Sayers, Craig and Kuno, Harumi and Reynolds, Dave and Database, Jena},
	journal      = {Proceedings of SWDB},
	date         = 2004
}
@article{Williams1983ObservationsUse,
	title        = {Some observations of the use of discriminant analysis in ecology},
	author       = {Williams, Byron K.},
	year         = 1983,
	journal      = {Ecology},
	volume       = 64,
	number       = 5,
	pages        = {1283--1291},
	doi          = {10.2307/1937836},
	url          = {http://doi.wiley.com/10.2307/1937836}
}
@article{Williamsetal2006OntologiesEcoinformatics,
	title        = {Ontologies for ecoinformatics},
	author       = {Williams, Richard J. and Martinez, Neo D. and Golbeck, Jennifer},
	journal      = {Journal of Web Semantics},
	volume       = 4,
	number       = 4,
	pages        = {237--242},
	doi          = {10.1016/j.websem.2006.06.002},
	year         = 2006
}
@article{Williamsetal2012WhichEnvironmental,
	title        = {Which environmental variables should {{I}} use in my biodiversity model?},
	author       = {Williams, Kristen J. and Belbin, Lee and Austin, Michael P. and Stein, Janet L. and Ferrier, Simon},
	year         = 2012,
	journal      = {International Journal of Geographical Information Science},
	volume       = 26,
	number       = 11,
	pages        = {2009--2047},
	doi          = {10.1080/13658816.2012.698015},
	url          = {http://www.tandfonline.com/doi/abs/10.1080/13658816.2012.698015}
}
@article{Xueetal2011HighThroughput,
	title        = {A high throughput geocomputing system for remote sensing quantitative retrieval and a case study},
	author       = {Xue, Yong and Chen, Ziqiang and Xu, Hui and Ai, Jianwen and Jiang, Shuzheng and Li, Yingjie and Wang, Ying and Guang, Jie and Mei, Linlu and Jiao, Xijuan and He, Xingwei and Hou, Tingting},
	journal      = {International Journal of Applied Earth Observation and Geoinformation},
	volume       = 13,
	number       = 6,
	pages        = {902--911},
	doi          = {10.1016/j.jag.2011.06.006},
	year         = 2011
}
@article{Zamoraetal2017GlobalChange,
	title        = {Global {{Change Impact}} in the {{Sierra Nevada Long}}-{{Term Ecological Research Site}} ({{Southern Spain}})},
	author       = {Zamora, Regino and Pérez-Luque, Antonio J. and Bonet, Francisco J. and Barea-Azcón, José Miguel and Aspizua, Rut and Sánchez-Gutiérrez, Francisco J. and Cano-Manuel, Francisco J. and Ramos-Losada, Blanca and Henares-Civantos, Ignacio},
	year         = 2017,
	journal      = {The Bulletin of the Ecological Society of America},
	volume       = 98,
	number       = 2,
	pages        = {157--164},
	doi          = {10.1002/bes2.1308}
}
@article{ZangBiondi2015TreeclimPackage,
	title        = {treeclim: an {{R}} package for the numerical calibration of proxy-climate relationships},
	author       = {Zang, Christian and Biondi, Franco},
	year         = 2015,
	journal      = {Ecography},
	volume       = 38,
	number       = 4,
	pages        = {431--436},
	doi          = {10.1111/ecog.01335}
}
@article{Zhangetal2013MonitoringEstimating,
	title        = {Monitoring and estimating drought-induced impacts on forest structure, growth, function, and ecosystem services using remote-sensing data: recent progress and future challenges},
	author       = {Zhang, Yao and Peng, Changhui and Li, Weizhong and Fang, Xiuqin and Zhang, Tinglong and Zhu, Qiuan and Chen, Huai and Zhao, Pengxiang},
	year         = 2013,
	journal      = {Environmental Reviews},
	volume       = 21,
	number       = 2,
	pages        = {103--115},
	doi          = {10.1139/er-2013-0006}
}


@online{WEB:GNU:GPL:2010,
	Author = {{Free Software Foundation, Inc.}},
	Title = {GNU General Public License},
	Url = {http://www.gnu.org/licenses/gpl.html},
	Urldate = {2011-05-27},
	Year = {2010}}

@online{WEB:Miede:2011,
	Author = {Andr{\'e} Miede},
	Title = {A Classic Thesis Style by Andr{\'e} Miede},
	Url = {http://www.miede.de/index.php?page=classicthesis},
	Urldate = {2011-05-27},
	Year = {2011}}

@book{Jurgens:2000,
	Author = {Manuela J{\"u}rgens},
	Publisher = {FernUniversit{\"a}t Gesamthochschule in Hagen},
	Title = {LaTeX: eine Einf{\"u}hrung und ein bisschen mehr},
	Year = {2000}}

@book{Jurgens:1995,
	Author = {Manuela J{\"u}rgens},
	Publisher = {FernUniversit{\"a}t Gesamthochschule in Hagen},
	Title = {LaTeX: Fortgeschrittene Anwendungen},
	Year = {1995}}

@manual{Miede:2011,
	Author = {Andr{\'e} Miede},
	Title = {A Classic Thesis Style: An Homage to The Elements of Typographic Style},
	Year = {2011}}

@book{Kohm:2011,
	Author = {Markus Kohm and Jens-Uwe-Morawski},
	Title = {KOMA-Script: Die Anleitung},
	Year = {2011}}

@book{Apple:keynote:2010,
	Author = {{Apple Inc.}},
	Publisher = {{Apple Inc.}},
	Title = {Keynote '09 User Guide},
	Year = {2010}}

@book{Apple:numbers:2010,
	Author = {{Apple Inc.}},
	Publisher = {{Apple Inc.}},
	Title = {Numbers '09 User Guide},
	Year = {2010}}

@book{Apple:pages:2010,
	Author = {{Apple Inc.}},
	Publisher = {{Apple Inc.}},
	Title = {Pages '09 User Guide},
	Year = {2010}}
